{"trade_id": "100001", "version": 1, "client_id": "ClientA", "symbol": "AAPL", "side": "Buy", "price": 1480.12, "quantity": 101, "maturity_date": "2026-06-15", "timestamp": "2025-12-13T07:21:21.058108"}
{"trade_id": "100001", "version": 2, "client_id": "ClientB", "symbol": "AMZN", "side": "Buy", "price": 913.55, "quantity": 272, "maturity_date": "2026-01-10", "timestamp": "2025-12-13T07:21:21.058435"}
{"trade_id": "100003", "version": 1, "client_id": "ClientC", "symbol": "AAPL", "side": "Sell", "price": 302.06, "quantity": 567, "maturity_date": "2026-02-15", "timestamp": "2025-12-13T07:21:21.058508"}
{"trade_id": "100004", "version": 1, "client_id": "ClientB", "symbol": "TSLA", "side": "Buy", "price": 975.06, "quantity": 856, "maturity_date": "2026-12-08", "timestamp": "2025-12-13T07:21:21.058565"}
{"trade_id": "100005", "version": 1, "client_id": "ClientC", "symbol": "BK", "side": "Sell", "price": 1296.0, "quantity": 508, "maturity_date": "2026-03-17", "timestamp": "2025-12-13T07:21:21.058614"}
{"trade_id": "100006", "version": 1, "client_id": "ClientB", "symbol": "BK", "side": "Sell", "price": 126.17, "quantity": 156, "maturity_date": "2026-03-15", "timestamp": "2025-12-13T07:21:21.058662"}
{"trade_id": "100007", "version": 1, "client_id": "ClientD", "symbol": "JPM", "side": "Buy", "price": 301.25, "quantity": 58, "maturity_date": "2026-05-31", "timestamp": "2025-12-13T07:21:21.058713"}
{"trade_id": "100008", "version": 1, "client_id": "ClientB", "symbol": "NVDA", "side": "Buy", "price": 1467.49, "quantity": 259, "maturity_date": "2026-04-15", "timestamp": "2025-12-13T07:21:21.058756"}
{"trade_id": "100009", "version": 1, "client_id": "ClientC", "symbol": "AMZN", "side": "Sell", "price": 850.66, "quantity": 232, "maturity_date": "2026-10-08", "timestamp": "2025-12-13T07:21:21.058796"}
{"trade_id": "100010", "version": 1, "client_id": "ClientC", "symbol": "AAPL", "side": "Sell", "price": 517.51, "quantity": 459, "maturity_date": "2026-01-27", "timestamp": "2025-12-13T07:21:21.058836"}
{"trade_id": "100011", "version": 1, "client_id": "ClientA", "symbol": "META", "side": "Sell", "price": 703.22, "quantity": 99, "maturity_date": "2026-06-26", "timestamp": "2025-12-13T07:21:21.058874"}
{"trade_id": "100012", "version": 1, "client_id": "ClientB", "symbol": "AMZN", "side": "Sell", "price": 1385.0, "quantity": 230, "maturity_date": "2026-07-14", "timestamp": "2025-12-13T07:21:21.058912"}
{"trade_id": "100012", "version": 2, "client_id": "ClientA", "symbol": "JPM", "side": "Buy", "price": 960.57, "quantity": 604, "maturity_date": "2026-11-13", "timestamp": "2025-12-13T07:21:21.058954"}
{"trade_id": "100014", "version": 1, "client_id": "ClientB", "symbol": "BABA", "side": "Buy", "price": 1067.67, "quantity": 372, "maturity_date": "2026-03-31", "timestamp": "2025-12-13T07:21:21.059012"}
{"trade_id": "100003", "version": 2, "client_id": "ClientA", "symbol": "AAPL", "side": "Buy", "price": 765.89, "quantity": 708, "maturity_date": "2026-01-12", "timestamp": "2025-12-13T07:21:21.059054"}
{"trade_id": "100016", "version": 1, "client_id": "ClientB", "symbol": "BK", "side": "Buy", "price": 1461.32, "quantity": 333, "maturity_date": "2026-03-02", "timestamp": "2025-12-13T07:21:21.059092"}
{"trade_id": "100001", "version": 3, "client_id": "ClientD", "symbol": "META", "side": "Buy", "price": 461.4, "quantity": 492, "maturity_date": "2026-08-15", "timestamp": "2025-12-13T07:21:21.059128"}
{"trade_id": "100011", "version": 2, "client_id": "ClientB", "symbol": "GOOGL", "side": "Buy", "price": 796.98, "quantity": 838, "maturity_date": "2026-09-13", "timestamp": "2025-12-13T07:21:21.059162"}
{"trade_id": "100019", "version": 1, "client_id": "ClientC", "symbol": "BK", "side": "Buy", "price": 1476.22, "quantity": 240, "maturity_date": "2026-01-01", "timestamp": "2025-12-13T07:21:21.059198"}
{"trade_id": "100020", "version": 1, "client_id": "ClientA", "symbol": "NVDA", "side": "Sell", "price": 1414.42, "quantity": 753, "maturity_date": "2026-11-06", "timestamp": "2025-12-13T07:21:21.059234"}
{"trade_id": "100021", "version": 1, "client_id": "ClientA", "symbol": "BK", "side": "Buy", "price": 1113.96, "quantity": 631, "maturity_date": "2026-06-23", "timestamp": "2025-12-13T07:21:21.059271"}
{"trade_id": "100001", "version": 4, "client_id": "ClientB", "symbol": "NVDA", "side": "Sell", "price": 510.93, "quantity": 640, "maturity_date": "2026-04-04", "timestamp": "2025-12-13T07:21:21.059309"}
{"trade_id": "100023", "version": 1, "client_id": "ClientA", "symbol": "NVDA", "side": "Buy", "price": 866.63, "quantity": 972, "maturity_date": "2026-06-26", "timestamp": "2025-12-13T07:21:21.059346"}
{"trade_id": "100012", "version": 3, "client_id": "ClientA", "symbol": "GOOGL", "side": "Buy", "price": 524.65, "quantity": 719, "maturity_date": "2026-11-08", "timestamp": "2025-12-13T07:21:21.059390"}
{"trade_id": "100006", "version": 2, "client_id": "ClientD", "symbol": "NVDA", "side": "Buy", "price": 1330.31, "quantity": 956, "maturity_date": "2026-10-29", "timestamp": "2025-12-13T07:21:21.059429"}
{"trade_id": "100026", "version": 1, "client_id": "ClientD", "symbol": "V", "side": "Buy", "price": 983.64, "quantity": 133, "maturity_date": "2026-06-25", "timestamp": "2025-12-13T07:21:21.059491"}
{"trade_id": "100027", "version": 1, "client_id": "ClientD", "symbol": "AMZN", "side": "Sell", "price": 841.0, "quantity": 452, "maturity_date": "2026-10-14", "timestamp": "2025-12-13T07:21:21.059537"}
{"trade_id": "100008", "version": 2, "client_id": "ClientB", "symbol": "NVDA", "side": "Sell", "price": 653.29, "quantity": 328, "maturity_date": "2026-08-24", "timestamp": "2025-12-13T07:21:21.059782"}
{"trade_id": "100029", "version": 1, "client_id": "ClientD", "symbol": "AMZN", "side": "Buy", "price": 417.53, "quantity": 329, "maturity_date": "2026-07-17", "timestamp": "2025-12-13T07:21:21.059839"}
{"trade_id": "100014", "version": 2, "client_id": "ClientC", "symbol": "TSLA", "side": "Sell", "price": 1258.22, "quantity": 753, "maturity_date": "2025-12-18", "timestamp": "2025-12-13T07:21:21.060026"}
{"trade_id": "100031", "version": 1, "client_id": "ClientB", "symbol": "META", "side": "Buy", "price": 851.7, "quantity": 681, "maturity_date": "2026-07-26", "timestamp": "2025-12-13T07:21:21.060125"}
{"trade_id": "100007", "version": 2, "client_id": "ClientA", "symbol": "TSLA", "side": "Sell", "price": 576.86, "quantity": 493, "maturity_date": "2025-12-15", "timestamp": "2025-12-13T07:21:21.060183"}
{"trade_id": "100006", "version": 3, "client_id": "ClientA", "symbol": "GOOGL", "side": "Sell", "price": 59.19, "quantity": 945, "maturity_date": "2026-01-14", "timestamp": "2025-12-13T07:21:21.060228"}
{"trade_id": "100034", "version": 1, "client_id": "ClientC", "symbol": "JPM", "side": "Buy", "price": 1124.3, "quantity": 132, "maturity_date": "2026-05-23", "timestamp": "2025-12-13T07:21:21.060269"}
{"trade_id": "100035", "version": 1, "client_id": "ClientC", "symbol": "AMZN", "side": "Sell", "price": 1399.75, "quantity": 391, "maturity_date": "2026-05-01", "timestamp": "2025-12-13T07:21:21.060322"}
{"trade_id": "100012", "version": 4, "client_id": "ClientA", "symbol": "GOOGL", "side": "Sell", "price": 1158.78, "quantity": 16, "maturity_date": "2026-10-29", "timestamp": "2025-12-13T07:21:21.060366"}
{"trade_id": "100037", "version": 1, "client_id": "ClientA", "symbol": "NVDA", "side": "Buy", "price": 317.8, "quantity": 40, "maturity_date": "2026-09-13", "timestamp": "2025-12-13T07:21:21.060407"}
{"trade_id": "100035", "version": 2, "client_id": "ClientA", "symbol": "TSLA", "side": "Buy", "price": 1216.26, "quantity": 70, "maturity_date": "2026-09-12", "timestamp": "2025-12-13T07:21:21.060440"}
{"trade_id": "100039", "version": 1, "client_id": "ClientC", "symbol": "AAPL", "side": "Sell", "price": 249.13, "quantity": 472, "maturity_date": "2026-07-29", "timestamp": "2025-12-13T07:21:21.060473"}
{"trade_id": "100027", "version": 2, "client_id": "ClientC", "symbol": "BK", "side": "Buy", "price": 1349.82, "quantity": 419, "maturity_date": "2026-10-16", "timestamp": "2025-12-13T07:21:21.060506"}
{"trade_id": "100041", "version": 1, "client_id": "ClientD", "symbol": "BABA", "side": "Buy", "price": 856.09, "quantity": 347, "maturity_date": "2026-02-01", "timestamp": "2025-12-13T07:21:21.060536"}
{"trade_id": "100042", "version": 1, "client_id": "ClientB", "symbol": "V", "side": "Buy", "price": 689.06, "quantity": 485, "maturity_date": "2026-07-05", "timestamp": "2025-12-13T07:21:21.060718"}
{"trade_id": "100020", "version": 2, "client_id": "ClientB", "symbol": "AMZN", "side": "Buy", "price": 828.65, "quantity": 964, "maturity_date": "2026-04-08", "timestamp": "2025-12-13T07:21:21.060773"}
{"trade_id": "100008", "version": 3, "client_id": "ClientB", "symbol": "JPM", "side": "Sell", "price": 501.37, "quantity": 368, "maturity_date": "2026-04-25", "timestamp": "2025-12-13T07:21:21.060851"}
{"trade_id": "100045", "version": 1, "client_id": "ClientB", "symbol": "GOOGL", "side": "Buy", "price": 257.31, "quantity": 438, "maturity_date": "2026-10-22", "timestamp": "2025-12-13T07:21:21.060912"}
{"trade_id": "100046", "version": 1, "client_id": "ClientC", "symbol": "JPM", "side": "Sell", "price": 90.87, "quantity": 511, "maturity_date": "2026-05-26", "timestamp": "2025-12-13T07:21:21.060950"}
{"trade_id": "100047", "version": 1, "client_id": "ClientB", "symbol": "TSLA", "side": "Buy", "price": 1451.23, "quantity": 661, "maturity_date": "2026-02-06", "timestamp": "2025-12-13T07:21:21.060985"}
{"trade_id": "100026", "version": 2, "client_id": "ClientB", "symbol": "TSLA", "side": "Buy", "price": 1074.08, "quantity": 747, "maturity_date": "2026-07-25", "timestamp": "2025-12-13T07:21:21.061022"}
{"trade_id": "100049", "version": 1, "client_id": "ClientB", "symbol": "MSFT", "side": "Sell", "price": 724.59, "quantity": 997, "maturity_date": "2026-09-22", "timestamp": "2025-12-13T07:21:21.061056"}
{"trade_id": "100050", "version": 1, "client_id": "ClientC", "symbol": "JPM", "side": "Buy", "price": 1070.98, "quantity": 751, "maturity_date": "2026-11-30", "timestamp": "2025-12-13T07:21:21.061087"}
{"trade_id": "100012", "version": 5, "client_id": "ClientD", "symbol": "BABA", "side": "Sell", "price": 1445.13, "quantity": 665, "maturity_date": "2026-08-06", "timestamp": "2025-12-13T07:21:21.061109"}
{"trade_id": "100052", "version": 1, "client_id": "ClientC", "symbol": "V", "side": "Buy", "price": 110.78, "quantity": 515, "maturity_date": "2026-05-10", "timestamp": "2025-12-13T07:21:21.061130"}
{"trade_id": "100053", "version": 1, "client_id": "ClientC", "symbol": "BK", "side": "Buy", "price": 1102.75, "quantity": 234, "maturity_date": "2026-09-25", "timestamp": "2025-12-13T07:21:21.061154"}
{"trade_id": "100054", "version": 1, "client_id": "ClientB", "symbol": "MSFT", "side": "Buy", "price": 1406.35, "quantity": 290, "maturity_date": "2026-03-29", "timestamp": "2025-12-13T07:21:21.061174"}
{"trade_id": "100027", "version": 3, "client_id": "ClientA", "symbol": "GOOGL", "side": "Buy", "price": 453.43, "quantity": 212, "maturity_date": "2026-01-03", "timestamp": "2025-12-13T07:21:21.061194"}
{"trade_id": "100056", "version": 1, "client_id": "ClientB", "symbol": "MSFT", "side": "Sell", "price": 607.94, "quantity": 832, "maturity_date": "2026-07-16", "timestamp": "2025-12-13T07:21:21.061214"}
{"trade_id": "100057", "version": 1, "client_id": "ClientD", "symbol": "MSFT", "side": "Sell", "price": 75.53, "quantity": 694, "maturity_date": "2026-05-28", "timestamp": "2025-12-13T07:21:21.061233"}
{"trade_id": "100058", "version": 1, "client_id": "ClientC", "symbol": "GOOGL", "side": "Sell", "price": 124.01, "quantity": 913, "maturity_date": "2026-10-21", "timestamp": "2025-12-13T07:21:21.061251"}
{"trade_id": "100059", "version": 1, "client_id": "ClientA", "symbol": "BABA", "side": "Buy", "price": 695.47, "quantity": 827, "maturity_date": "2025-12-17", "timestamp": "2025-12-13T07:21:21.061272"}
{"trade_id": "100039", "version": 2, "client_id": "ClientC", "symbol": "GOOGL", "side": "Sell", "price": 1271.09, "quantity": 359, "maturity_date": "2026-02-20", "timestamp": "2025-12-13T07:21:21.061292"}
{"trade_id": "100061", "version": 1, "client_id": "ClientA", "symbol": "JPM", "side": "Sell", "price": 1342.23, "quantity": 591, "maturity_date": "2025-12-22", "timestamp": "2025-12-13T07:21:21.061316"}
{"trade_id": "100056", "version": 2, "client_id": "ClientD", "symbol": "WMT", "side": "Buy", "price": 217.02, "quantity": 419, "maturity_date": "2026-08-12", "timestamp": "2025-12-13T07:21:21.061336"}
{"trade_id": "100063", "version": 1, "client_id": "ClientA", "symbol": "META", "side": "Sell", "price": 144.62, "quantity": 627, "maturity_date": "2026-04-11", "timestamp": "2025-12-13T07:21:21.061354"}
{"trade_id": "100064", "version": 1, "client_id": "ClientD", "symbol": "GOOGL", "side": "Sell", "price": 1411.55, "quantity": 289, "maturity_date": "2026-01-24", "timestamp": "2025-12-13T07:21:21.061371"}
{"trade_id": "100049", "version": 2, "client_id": "ClientC", "symbol": "BK", "side": "Sell", "price": 130.58, "quantity": 64, "maturity_date": "2026-03-12", "timestamp": "2025-12-13T07:21:21.061391"}
{"trade_id": "100066", "version": 1, "client_id": "ClientD", "symbol": "MSFT", "side": "Buy", "price": 536.96, "quantity": 198, "maturity_date": "2026-03-06", "timestamp": "2025-12-13T07:21:21.061411"}
{"trade_id": "100045", "version": 2, "client_id": "ClientD", "symbol": "BABA", "side": "Sell", "price": 328.93, "quantity": 779, "maturity_date": "2026-01-24", "timestamp": "2025-12-13T07:21:21.061432"}
{"trade_id": "100019", "version": 2, "client_id": "ClientD", "symbol": "BABA", "side": "Sell", "price": 955.25, "quantity": 343, "maturity_date": "2026-03-12", "timestamp": "2025-12-13T07:21:21.061452"}
{"trade_id": "100014", "version": 3, "client_id": "ClientD", "symbol": "BK", "side": "Sell", "price": 755.85, "quantity": 137, "maturity_date": "2026-02-09", "timestamp": "2025-12-13T07:21:21.061470"}
{"trade_id": "100070", "version": 1, "client_id": "ClientA", "symbol": "AMZN", "side": "Sell", "price": 1024.88, "quantity": 803, "maturity_date": "2026-05-03", "timestamp": "2025-12-13T07:21:21.061489"}
{"trade_id": "100071", "version": 1, "client_id": "ClientA", "symbol": "WMT", "side": "Sell", "price": 532.6, "quantity": 815, "maturity_date": "2026-10-04", "timestamp": "2025-12-13T07:21:21.061506"}
{"trade_id": "100001", "version": 5, "client_id": "ClientD", "symbol": "META", "side": "Buy", "price": 1317.73, "quantity": 18, "maturity_date": "2026-01-03", "timestamp": "2025-12-13T07:21:21.061525"}
{"trade_id": "100009", "version": 2, "client_id": "ClientA", "symbol": "META", "side": "Sell", "price": 811.42, "quantity": 39, "maturity_date": "2026-02-24", "timestamp": "2025-12-13T07:21:21.061544"}
{"trade_id": "100074", "version": 1, "client_id": "ClientD", "symbol": "GOOGL", "side": "Buy", "price": 1136.3, "quantity": 396, "maturity_date": "2026-08-12", "timestamp": "2025-12-13T07:21:21.061562"}
{"trade_id": "100058", "version": 2, "client_id": "ClientA", "symbol": "GOOGL", "side": "Buy", "price": 1161.7, "quantity": 609, "maturity_date": "2026-07-25", "timestamp": "2025-12-13T07:21:21.061580"}
{"trade_id": "100076", "version": 1, "client_id": "ClientD", "symbol": "AMZN", "side": "Buy", "price": 738.29, "quantity": 165, "maturity_date": "2026-03-22", "timestamp": "2025-12-13T07:21:21.061597"}
{"trade_id": "100047", "version": 2, "client_id": "ClientD", "symbol": "AMZN", "side": "Sell", "price": 964.49, "quantity": 264, "maturity_date": "2026-12-02", "timestamp": "2025-12-13T07:21:21.061615"}
{"trade_id": "100078", "version": 1, "client_id": "ClientA", "symbol": "BK", "side": "Buy", "price": 1332.73, "quantity": 616, "maturity_date": "2026-07-06", "timestamp": "2025-12-13T07:21:21.061633"}
{"trade_id": "100079", "version": 1, "client_id": "ClientA", "symbol": "NVDA", "side": "Buy", "price": 735.67, "quantity": 956, "maturity_date": "2026-05-26", "timestamp": "2025-12-13T07:21:21.061650"}
{"trade_id": "100080", "version": 1, "client_id": "ClientC", "symbol": "V", "side": "Sell", "price": 1230.27, "quantity": 794, "maturity_date": "2026-01-24", "timestamp": "2025-12-13T07:21:21.061667"}
{"trade_id": "100034", "version": 2, "client_id": "ClientA", "symbol": "BK", "side": "Buy", "price": 789.28, "quantity": 585, "maturity_date": "2026-08-02", "timestamp": "2025-12-13T07:21:21.061686"}
{"trade_id": "100082", "version": 1, "client_id": "ClientC", "symbol": "GOOGL", "side": "Sell", "price": 470.84, "quantity": 174, "maturity_date": "2026-11-13", "timestamp": "2025-12-13T07:21:21.061705"}
{"trade_id": "100083", "version": 1, "client_id": "ClientB", "symbol": "TSLA", "side": "Sell", "price": 1007.31, "quantity": 68, "maturity_date": "2026-02-26", "timestamp": "2025-12-13T07:21:21.061845"}
{"trade_id": "100084", "version": 1, "client_id": "ClientC", "symbol": "AAPL", "side": "Sell", "price": 1317.98, "quantity": 911, "maturity_date": "2026-07-10", "timestamp": "2025-12-13T07:21:21.061889"}
{"trade_id": "100085", "version": 1, "client_id": "ClientA", "symbol": "META", "side": "Sell", "price": 165.84, "quantity": 776, "maturity_date": "2026-11-13", "timestamp": "2025-12-13T07:21:21.061910"}
{"trade_id": "100086", "version": 1, "client_id": "ClientD", "symbol": "BABA", "side": "Sell", "price": 251.68, "quantity": 13, "maturity_date": "2026-08-29", "timestamp": "2025-12-13T07:21:21.061929"}
{"trade_id": "100016", "version": 2, "client_id": "ClientC", "symbol": "META", "side": "Sell", "price": 977.97, "quantity": 942, "maturity_date": "2026-07-06", "timestamp": "2025-12-13T07:21:21.061950"}
{"trade_id": "100088", "version": 1, "client_id": "ClientB", "symbol": "META", "side": "Sell", "price": 1426.9, "quantity": 117, "maturity_date": "2026-05-05", "timestamp": "2025-12-13T07:21:21.061970"}
{"trade_id": "100089", "version": 1, "client_id": "ClientA", "symbol": "JPM", "side": "Buy", "price": 1068.12, "quantity": 458, "maturity_date": "2026-03-31", "timestamp": "2025-12-13T07:21:21.061989"}
{"trade_id": "100090", "version": 1, "client_id": "ClientA", "symbol": "GOOGL", "side": "Buy", "price": 699.51, "quantity": 266, "maturity_date": "2026-07-21", "timestamp": "2025-12-13T07:21:21.062007"}
{"trade_id": "100091", "version": 1, "client_id": "ClientD", "symbol": "TSLA", "side": "Sell", "price": 1394.68, "quantity": 865, "maturity_date": "2026-03-21", "timestamp": "2025-12-13T07:21:21.062025"}
{"trade_id": "100092", "version": 1, "client_id": "ClientB", "symbol": "GOOGL", "side": "Buy", "price": 67.15, "quantity": 306, "maturity_date": "2026-03-04", "timestamp": "2025-12-13T07:21:21.062044"}
{"trade_id": "100093", "version": 1, "client_id": "ClientD", "symbol": "TSLA", "side": "Buy", "price": 1002.42, "quantity": 19, "maturity_date": "2026-09-13", "timestamp": "2025-12-13T07:21:21.062063"}
{"trade_id": "100091", "version": 2, "client_id": "ClientA", "symbol": "WMT", "side": "Buy", "price": 740.16, "quantity": 254, "maturity_date": "2026-02-09", "timestamp": "2025-12-13T07:21:21.062084"}
{"trade_id": "100095", "version": 1, "client_id": "ClientD", "symbol": "GOOGL", "side": "Buy", "price": 374.7, "quantity": 479, "maturity_date": "2026-03-22", "timestamp": "2025-12-13T07:21:21.062104"}
{"trade_id": "100029", "version": 2, "client_id": "ClientD", "symbol": "BABA", "side": "Buy", "price": 818.06, "quantity": 890, "maturity_date": "2026-05-04", "timestamp": "2025-12-13T07:21:21.062124"}
{"trade_id": "100085", "version": 2, "client_id": "ClientB", "symbol": "GOOGL", "side": "Buy", "price": 617.04, "quantity": 192, "maturity_date": "2026-10-31", "timestamp": "2025-12-13T07:21:21.062145"}
{"trade_id": "100076", "version": 2, "client_id": "ClientA", "symbol": "AMZN", "side": "Sell", "price": 93.28, "quantity": 725, "maturity_date": "2026-03-10", "timestamp": "2025-12-13T07:21:21.062166"}
{"trade_id": "100099", "version": 1, "client_id": "ClientB", "symbol": "V", "side": "Buy", "price": 1022.75, "quantity": 854, "maturity_date": "2026-07-21", "timestamp": "2025-12-13T07:21:21.062185"}
{"trade_id": "100001", "version": 6, "client_id": "ClientB", "symbol": "TSLA", "side": "Sell", "price": 722.53, "quantity": 508, "maturity_date": "2026-01-30", "timestamp": "2025-12-13T07:21:21.062208"}
{"trade_id": "100101", "version": 1, "client_id": "ClientC", "symbol": "META", "side": "Buy", "price": 966.95, "quantity": 655, "maturity_date": "2026-05-10", "timestamp": "2025-12-13T07:21:21.062228"}
{"trade_id": "100102", "version": 1, "client_id": "ClientC", "symbol": "JPM", "side": "Sell", "price": 903.06, "quantity": 274, "maturity_date": "2026-10-25", "timestamp": "2025-12-13T07:21:21.062248"}
{"trade_id": "100103", "version": 1, "client_id": "ClientC", "symbol": "GOOGL", "side": "Buy", "price": 831.11, "quantity": 509, "maturity_date": "2026-07-13", "timestamp": "2025-12-13T07:21:21.062269"}
{"trade_id": "100104", "version": 1, "client_id": "ClientD", "symbol": "AMZN", "side": "Buy", "price": 1022.98, "quantity": 764, "maturity_date": "2026-10-15", "timestamp": "2025-12-13T07:21:21.062288"}
{"trade_id": "100054", "version": 2, "client_id": "ClientD", "symbol": "BK", "side": "Sell", "price": 1125.54, "quantity": 143, "maturity_date": "2026-05-25", "timestamp": "2025-12-13T07:21:21.062309"}
{"trade_id": "100106", "version": 1, "client_id": "ClientC", "symbol": "TSLA", "side": "Buy", "price": 1191.81, "quantity": 577, "maturity_date": "2026-04-03", "timestamp": "2025-12-13T07:21:21.062329"}
{"trade_id": "100107", "version": 1, "client_id": "ClientA", "symbol": "TSLA", "side": "Buy", "price": 56.01, "quantity": 135, "maturity_date": "2025-12-18", "timestamp": "2025-12-13T07:21:21.062348"}
{"trade_id": "100101", "version": 2, "client_id": "ClientB", "symbol": "MSFT", "side": "Buy", "price": 177.39, "quantity": 844, "maturity_date": "2026-06-29", "timestamp": "2025-12-13T07:21:21.062370"}
{"trade_id": "100089", "version": 2, "client_id": "ClientB", "symbol": "MSFT", "side": "Sell", "price": 1111.23, "quantity": 363, "maturity_date": "2026-01-19", "timestamp": "2025-12-13T07:21:21.062391"}
{"trade_id": "100110", "version": 1, "client_id": "ClientA", "symbol": "TSLA", "side": "Sell", "price": 757.49, "quantity": 722, "maturity_date": "2026-02-28", "timestamp": "2025-12-13T07:21:21.062410"}
{"trade_id": "100111", "version": 1, "client_id": "ClientA", "symbol": "TSLA", "side": "Sell", "price": 935.64, "quantity": 866, "maturity_date": "2026-07-26", "timestamp": "2025-12-13T07:21:21.062430"}
{"trade_id": "100112", "version": 1, "client_id": "ClientA", "symbol": "WMT", "side": "Buy", "price": 72.88, "quantity": 919, "maturity_date": "2026-06-04", "timestamp": "2025-12-13T07:21:21.062449"}
{"trade_id": "100113", "version": 1, "client_id": "ClientC", "symbol": "META", "side": "Buy", "price": 402.83, "quantity": 889, "maturity_date": "2026-03-10", "timestamp": "2025-12-13T07:21:21.062467"}
{"trade_id": "100114", "version": 1, "client_id": "ClientC", "symbol": "BK", "side": "Sell", "price": 219.65, "quantity": 156, "maturity_date": "2026-03-20", "timestamp": "2025-12-13T07:21:21.062484"}
{"trade_id": "100115", "version": 1, "client_id": "ClientC", "symbol": "JPM", "side": "Sell", "price": 897.46, "quantity": 354, "maturity_date": "2026-11-25", "timestamp": "2025-12-13T07:21:21.062502"}
{"trade_id": "100029", "version": 3, "client_id": "ClientD", "symbol": "GOOGL", "side": "Sell", "price": 866.08, "quantity": 981, "maturity_date": "2025-12-21", "timestamp": "2025-12-13T07:21:21.062521"}
{"trade_id": "100117", "version": 1, "client_id": "ClientC", "symbol": "GOOGL", "side": "Buy", "price": 708.94, "quantity": 839, "maturity_date": "2026-07-05", "timestamp": "2025-12-13T07:21:21.062540"}
{"trade_id": "100118", "version": 1, "client_id": "ClientD", "symbol": "AAPL", "side": "Buy", "price": 1411.26, "quantity": 447, "maturity_date": "2026-06-12", "timestamp": "2025-12-13T07:21:21.062574"}
{"trade_id": "100119", "version": 1, "client_id": "ClientD", "symbol": "AAPL", "side": "Buy", "price": 139.63, "quantity": 939, "maturity_date": "2026-04-30", "timestamp": "2025-12-13T07:21:21.062600"}
{"trade_id": "100104", "version": 2, "client_id": "ClientD", "symbol": "AMZN", "side": "Sell", "price": 1204.21, "quantity": 781, "maturity_date": "2026-10-04", "timestamp": "2025-12-13T07:21:21.062621"}
{"trade_id": "100088", "version": 2, "client_id": "ClientC", "symbol": "AAPL", "side": "Sell", "price": 590.04, "quantity": 569, "maturity_date": "2026-06-10", "timestamp": "2025-12-13T07:21:21.062642"}
{"trade_id": "100122", "version": 1, "client_id": "ClientB", "symbol": "V", "side": "Sell", "price": 514.78, "quantity": 262, "maturity_date": "2026-10-01", "timestamp": "2025-12-13T07:21:21.062662"}
{"trade_id": "100123", "version": 1, "client_id": "ClientD", "symbol": "WMT", "side": "Buy", "price": 720.84, "quantity": 606, "maturity_date": "2026-09-13", "timestamp": "2025-12-13T07:21:21.062682"}
{"trade_id": "100124", "version": 1, "client_id": "ClientD", "symbol": "GOOGL", "side": "Sell", "price": 872.16, "quantity": 498, "maturity_date": "2026-07-13", "timestamp": "2025-12-13T07:21:21.062720"}
{"trade_id": "100125", "version": 1, "client_id": "ClientC", "symbol": "JPM", "side": "Sell", "price": 740.81, "quantity": 274, "maturity_date": "2026-02-27", "timestamp": "2025-12-13T07:21:21.062750"}
{"trade_id": "100126", "version": 1, "client_id": "ClientD", "symbol": "META", "side": "Sell", "price": 751.83, "quantity": 649, "maturity_date": "2026-02-14", "timestamp": "2025-12-13T07:21:21.062772"}
{"trade_id": "100127", "version": 1, "client_id": "ClientA", "symbol": "NVDA", "side": "Buy", "price": 151.39, "quantity": 667, "maturity_date": "2026-06-23", "timestamp": "2025-12-13T07:21:21.062791"}
{"trade_id": "100128", "version": 1, "client_id": "ClientB", "symbol": "AMZN", "side": "Sell", "price": 601.69, "quantity": 923, "maturity_date": "2026-01-21", "timestamp": "2025-12-13T07:21:21.062810"}
{"trade_id": "100129", "version": 1, "client_id": "ClientD", "symbol": "GOOGL", "side": "Buy", "price": 1382.84, "quantity": 707, "maturity_date": "2026-04-28", "timestamp": "2025-12-13T07:21:21.062830"}
{"trade_id": "100130", "version": 1, "client_id": "ClientC", "symbol": "GOOGL", "side": "Buy", "price": 1229.95, "quantity": 101, "maturity_date": "2026-05-20", "timestamp": "2025-12-13T07:21:21.062851"}
{"trade_id": "100123", "version": 2, "client_id": "ClientA", "symbol": "GOOGL", "side": "Buy", "price": 68.32, "quantity": 693, "maturity_date": "2026-09-12", "timestamp": "2025-12-13T07:21:21.062872"}
{"trade_id": "100132", "version": 1, "client_id": "ClientC", "symbol": "V", "side": "Buy", "price": 1477.78, "quantity": 416, "maturity_date": "2026-10-17", "timestamp": "2025-12-13T07:21:21.062891"}
{"trade_id": "100133", "version": 1, "client_id": "ClientB", "symbol": "META", "side": "Buy", "price": 590.55, "quantity": 693, "maturity_date": "2026-03-14", "timestamp": "2025-12-13T07:21:21.062910"}
{"trade_id": "100134", "version": 1, "client_id": "ClientB", "symbol": "WMT", "side": "Sell", "price": 992.79, "quantity": 327, "maturity_date": "2026-07-03", "timestamp": "2025-12-13T07:21:21.062928"}
{"trade_id": "100135", "version": 1, "client_id": "ClientB", "symbol": "AMZN", "side": "Buy", "price": 641.46, "quantity": 321, "maturity_date": "2026-10-01", "timestamp": "2025-12-13T07:21:21.062946"}
{"trade_id": "100026", "version": 3, "client_id": "ClientB", "symbol": "GOOGL", "side": "Sell", "price": 1400.53, "quantity": 529, "maturity_date": "2026-04-02", "timestamp": "2025-12-13T07:21:21.062967"}
{"trade_id": "100137", "version": 1, "client_id": "ClientA", "symbol": "META", "side": "Buy", "price": 1311.25, "quantity": 517, "maturity_date": "2026-03-15", "timestamp": "2025-12-13T07:21:21.062986"}
{"trade_id": "100138", "version": 1, "client_id": "ClientA", "symbol": "AAPL", "side": "Sell", "price": 1319.86, "quantity": 594, "maturity_date": "2026-07-20", "timestamp": "2025-12-13T07:21:21.063004"}
{"trade_id": "100139", "version": 1, "client_id": "ClientD", "symbol": "AMZN", "side": "Buy", "price": 718.27, "quantity": 71, "maturity_date": "2026-11-12", "timestamp": "2025-12-13T07:21:21.063022"}
{"trade_id": "100140", "version": 1, "client_id": "ClientD", "symbol": "TSLA", "side": "Sell", "price": 1072.72, "quantity": 65, "maturity_date": "2026-06-06", "timestamp": "2025-12-13T07:21:21.063040"}
{"trade_id": "100141", "version": 1, "client_id": "ClientA", "symbol": "JPM", "side": "Buy", "price": 1216.04, "quantity": 447, "maturity_date": "2026-01-14", "timestamp": "2025-12-13T07:21:21.063059"}
{"trade_id": "100142", "version": 1, "client_id": "ClientA", "symbol": "BABA", "side": "Sell", "price": 304.85, "quantity": 96, "maturity_date": "2026-02-17", "timestamp": "2025-12-13T07:21:21.063078"}
{"trade_id": "100143", "version": 1, "client_id": "ClientB", "symbol": "V", "side": "Sell", "price": 223.57, "quantity": 859, "maturity_date": "2026-04-03", "timestamp": "2025-12-13T07:21:21.063098"}
{"trade_id": "100144", "version": 1, "client_id": "ClientA", "symbol": "NVDA", "side": "Sell", "price": 1150.32, "quantity": 656, "maturity_date": "2026-07-01", "timestamp": "2025-12-13T07:21:21.063117"}
{"trade_id": "100145", "version": 1, "client_id": "ClientB", "symbol": "BABA", "side": "Sell", "price": 515.42, "quantity": 908, "maturity_date": "2026-06-19", "timestamp": "2025-12-13T07:21:21.063136"}
{"trade_id": "100146", "version": 1, "client_id": "ClientB", "symbol": "AAPL", "side": "Buy", "price": 535.08, "quantity": 176, "maturity_date": "2026-12-05", "timestamp": "2025-12-13T07:21:21.063154"}
{"trade_id": "100147", "version": 1, "client_id": "ClientB", "symbol": "BABA", "side": "Buy", "price": 861.31, "quantity": 322, "maturity_date": "2026-01-23", "timestamp": "2025-12-13T07:21:21.063173"}
{"trade_id": "100148", "version": 1, "client_id": "ClientA", "symbol": "META", "side": "Sell", "price": 652.96, "quantity": 751, "maturity_date": "2026-02-28", "timestamp": "2025-12-13T07:21:21.063192"}
{"trade_id": "100149", "version": 1, "client_id": "ClientC", "symbol": "AAPL", "side": "Buy", "price": 972.55, "quantity": 52, "maturity_date": "2025-12-27", "timestamp": "2025-12-13T07:21:21.063212"}
{"trade_id": "100150", "version": 1, "client_id": "ClientA", "symbol": "NVDA", "side": "Buy", "price": 97.53, "quantity": 418, "maturity_date": "2026-03-22", "timestamp": "2025-12-13T07:21:21.063230"}
{"trade_id": "100150", "version": 2, "client_id": "ClientC", "symbol": "WMT", "side": "Sell", "price": 972.73, "quantity": 474, "maturity_date": "2026-01-24", "timestamp": "2025-12-13T07:21:21.063251"}
{"trade_id": "100145", "version": 2, "client_id": "ClientD", "symbol": "V", "side": "Sell", "price": 213.34, "quantity": 57, "maturity_date": "2026-10-25", "timestamp": "2025-12-13T07:21:21.063272"}
{"trade_id": "100128", "version": 2, "client_id": "ClientB", "symbol": "AAPL", "side": "Buy", "price": 147.47, "quantity": 36, "maturity_date": "2026-11-06", "timestamp": "2025-12-13T07:21:21.063293"}
{"trade_id": "100154", "version": 1, "client_id": "ClientA", "symbol": "WMT", "side": "Buy", "price": 583.33, "quantity": 714, "maturity_date": "2026-01-17", "timestamp": "2025-12-13T07:21:21.063314"}
{"trade_id": "100155", "version": 1, "client_id": "ClientB", "symbol": "TSLA", "side": "Buy", "price": 198.26, "quantity": 977, "maturity_date": "2026-01-19", "timestamp": "2025-12-13T07:21:21.063337"}
{"trade_id": "100026", "version": 4, "client_id": "ClientC", "symbol": "BABA", "side": "Buy", "price": 345.36, "quantity": 104, "maturity_date": "2026-06-24", "timestamp": "2025-12-13T07:21:21.063357"}
{"trade_id": "100157", "version": 1, "client_id": "ClientC", "symbol": "TSLA", "side": "Buy", "price": 1287.9, "quantity": 433, "maturity_date": "2025-12-27", "timestamp": "2025-12-13T07:21:21.063375"}
{"trade_id": "100099", "version": 2, "client_id": "ClientD", "symbol": "META", "side": "Sell", "price": 54.14, "quantity": 297, "maturity_date": "2026-08-09", "timestamp": "2025-12-13T07:21:21.063396"}
{"trade_id": "100159", "version": 1, "client_id": "ClientB", "symbol": "NVDA", "side": "Buy", "price": 1239.85, "quantity": 936, "maturity_date": "2026-04-07", "timestamp": "2025-12-13T07:21:21.063416"}
{"trade_id": "100160", "version": 1, "client_id": "ClientB", "symbol": "TSLA", "side": "Buy", "price": 298.68, "quantity": 584, "maturity_date": "2026-12-04", "timestamp": "2025-12-13T07:21:21.063438"}
{"trade_id": "100117", "version": 2, "client_id": "ClientB", "symbol": "META", "side": "Sell", "price": 540.92, "quantity": 221, "maturity_date": "2026-08-09", "timestamp": "2025-12-13T07:21:21.063473"}
{"trade_id": "100162", "version": 1, "client_id": "ClientC", "symbol": "NVDA", "side": "Buy", "price": 893.35, "quantity": 668, "maturity_date": "2026-11-26", "timestamp": "2025-12-13T07:21:21.063504"}
{"trade_id": "100163", "version": 1, "client_id": "ClientD", "symbol": "AAPL", "side": "Buy", "price": 424.92, "quantity": 801, "maturity_date": "2026-01-08", "timestamp": "2025-12-13T07:21:21.063539"}
{"trade_id": "100164", "version": 1, "client_id": "ClientC", "symbol": "BABA", "side": "Buy", "price": 131.86, "quantity": 734, "maturity_date": "2026-03-25", "timestamp": "2025-12-13T07:21:21.063578"}
{"trade_id": "100165", "version": 1, "client_id": "ClientC", "symbol": "MSFT", "side": "Buy", "price": 398.24, "quantity": 161, "maturity_date": "2026-01-09", "timestamp": "2025-12-13T07:21:21.063780"}
{"trade_id": "100166", "version": 1, "client_id": "ClientA", "symbol": "WMT", "side": "Buy", "price": 943.36, "quantity": 370, "maturity_date": "2026-02-14", "timestamp": "2025-12-13T07:21:21.063861"}
{"trade_id": "100167", "version": 1, "client_id": "ClientA", "symbol": "TSLA", "side": "Buy", "price": 1204.77, "quantity": 102, "maturity_date": "2026-06-23", "timestamp": "2025-12-13T07:21:21.063890"}
{"trade_id": "100146", "version": 2, "client_id": "ClientA", "symbol": "WMT", "side": "Buy", "price": 1159.01, "quantity": 199, "maturity_date": "2026-08-04", "timestamp": "2025-12-13T07:21:21.063915"}
{"trade_id": "100154", "version": 2, "client_id": "ClientD", "symbol": "JPM", "side": "Sell", "price": 71.16, "quantity": 128, "maturity_date": "2026-01-22", "timestamp": "2025-12-13T07:21:21.063943"}
{"trade_id": "100170", "version": 1, "client_id": "ClientB", "symbol": "WMT", "side": "Buy", "price": 1000.78, "quantity": 925, "maturity_date": "2026-04-07", "timestamp": "2025-12-13T07:21:21.063962"}
{"trade_id": "100171", "version": 1, "client_id": "ClientA", "symbol": "GOOGL", "side": "Buy", "price": 1059.23, "quantity": 661, "maturity_date": "2026-07-27", "timestamp": "2025-12-13T07:21:21.063982"}
{"trade_id": "100117", "version": 3, "client_id": "ClientD", "symbol": "META", "side": "Sell", "price": 260.42, "quantity": 735, "maturity_date": "2026-01-13", "timestamp": "2025-12-13T07:21:21.064002"}
{"trade_id": "100173", "version": 1, "client_id": "ClientC", "symbol": "AMZN", "side": "Sell", "price": 515.57, "quantity": 716, "maturity_date": "2026-11-18", "timestamp": "2025-12-13T07:21:21.064021"}
{"trade_id": "100174", "version": 1, "client_id": "ClientC", "symbol": "NVDA", "side": "Sell", "price": 109.76, "quantity": 978, "maturity_date": "2026-01-21", "timestamp": "2025-12-13T07:21:21.064066"}
{"trade_id": "100175", "version": 1, "client_id": "ClientD", "symbol": "BABA", "side": "Buy", "price": 165.54, "quantity": 868, "maturity_date": "2026-11-29", "timestamp": "2025-12-13T07:21:21.064108"}
{"trade_id": "100176", "version": 1, "client_id": "ClientA", "symbol": "BABA", "side": "Buy", "price": 259.5, "quantity": 820, "maturity_date": "2026-11-18", "timestamp": "2025-12-13T07:21:21.064148"}
{"trade_id": "100177", "version": 1, "client_id": "ClientA", "symbol": "WMT", "side": "Buy", "price": 1180.83, "quantity": 26, "maturity_date": "2026-07-02", "timestamp": "2025-12-13T07:21:21.064186"}
{"trade_id": "100177", "version": 2, "client_id": "ClientC", "symbol": "META", "side": "Sell", "price": 562.55, "quantity": 180, "maturity_date": "2026-09-29", "timestamp": "2025-12-13T07:21:21.064224"}
{"trade_id": "100179", "version": 1, "client_id": "ClientB", "symbol": "V", "side": "Sell", "price": 299.38, "quantity": 699, "maturity_date": "2026-02-15", "timestamp": "2025-12-13T07:21:21.064258"}
{"trade_id": "100180", "version": 1, "client_id": "ClientA", "symbol": "AAPL", "side": "Buy", "price": 746.38, "quantity": 427, "maturity_date": "2026-11-27", "timestamp": "2025-12-13T07:21:21.064445"}
{"trade_id": "100181", "version": 1, "client_id": "ClientA", "symbol": "MSFT", "side": "Sell", "price": 397.53, "quantity": 249, "maturity_date": "2026-09-13", "timestamp": "2025-12-13T07:21:21.064536"}
{"trade_id": "100141", "version": 2, "client_id": "ClientA", "symbol": "WMT", "side": "Sell", "price": 573.78, "quantity": 609, "maturity_date": "2026-09-25", "timestamp": "2025-12-13T07:21:21.064627"}
{"trade_id": "100183", "version": 1, "client_id": "ClientB", "symbol": "WMT", "side": "Buy", "price": 1111.61, "quantity": 129, "maturity_date": "2026-03-17", "timestamp": "2025-12-13T07:21:21.064663"}
{"trade_id": "100034", "version": 3, "client_id": "ClientB", "symbol": "WMT", "side": "Buy", "price": 1143.95, "quantity": 996, "maturity_date": "2026-08-01", "timestamp": "2025-12-13T07:21:21.064689"}
{"trade_id": "100185", "version": 1, "client_id": "ClientA", "symbol": "TSLA", "side": "Buy", "price": 1261.14, "quantity": 440, "maturity_date": "2026-04-30", "timestamp": "2025-12-13T07:21:21.064712"}
{"trade_id": "100186", "version": 1, "client_id": "ClientC", "symbol": "AMZN", "side": "Buy", "price": 924.06, "quantity": 181, "maturity_date": "2026-09-26", "timestamp": "2025-12-13T07:21:21.064741"}
{"trade_id": "100187", "version": 1, "client_id": "ClientD", "symbol": "WMT", "side": "Sell", "price": 791.24, "quantity": 512, "maturity_date": "2026-05-02", "timestamp": "2025-12-13T07:21:21.064772"}
{"trade_id": "100103", "version": 2, "client_id": "ClientD", "symbol": "MSFT", "side": "Sell", "price": 448.06, "quantity": 979, "maturity_date": "2026-06-02", "timestamp": "2025-12-13T07:21:21.064811"}
{"trade_id": "100189", "version": 1, "client_id": "ClientA", "symbol": "BK", "side": "Buy", "price": 1300.83, "quantity": 308, "maturity_date": "2026-06-07", "timestamp": "2025-12-13T07:21:21.064847"}
{"trade_id": "100187", "version": 2, "client_id": "ClientA", "symbol": "TSLA", "side": "Sell", "price": 840.97, "quantity": 13, "maturity_date": "2026-11-06", "timestamp": "2025-12-13T07:21:21.064874"}
{"trade_id": "100191", "version": 1, "client_id": "ClientD", "symbol": "META", "side": "Buy", "price": 999.8, "quantity": 277, "maturity_date": "2026-01-19", "timestamp": "2025-12-13T07:21:21.064897"}
{"trade_id": "100192", "version": 1, "client_id": "ClientA", "symbol": "JPM", "side": "Sell", "price": 530.21, "quantity": 379, "maturity_date": "2026-01-25", "timestamp": "2025-12-13T07:21:21.064921"}
{"trade_id": "100118", "version": 2, "client_id": "ClientB", "symbol": "JPM", "side": "Buy", "price": 1092.38, "quantity": 968, "maturity_date": "2026-04-09", "timestamp": "2025-12-13T07:21:21.064946"}
{"trade_id": "100194", "version": 1, "client_id": "ClientD", "symbol": "JPM", "side": "Sell", "price": 518.64, "quantity": 145, "maturity_date": "2026-03-05", "timestamp": "2025-12-13T07:21:21.064970"}
{"trade_id": "100031", "version": 2, "client_id": "ClientD", "symbol": "WMT", "side": "Sell", "price": 386.32, "quantity": 46, "maturity_date": "2026-08-11", "timestamp": "2025-12-13T07:21:21.064994"}
{"trade_id": "100196", "version": 1, "client_id": "ClientB", "symbol": "BABA", "side": "Sell", "price": 887.2, "quantity": 926, "maturity_date": "2026-03-29", "timestamp": "2025-12-13T07:21:21.065017"}
{"trade_id": "100197", "version": 1, "client_id": "ClientA", "symbol": "BABA", "side": "Buy", "price": 1271.83, "quantity": 392, "maturity_date": "2026-11-27", "timestamp": "2025-12-13T07:21:21.065041"}
{"trade_id": "100070", "version": 2, "client_id": "ClientD", "symbol": "AAPL", "side": "Buy", "price": 348.47, "quantity": 503, "maturity_date": "2026-09-15", "timestamp": "2025-12-13T07:21:21.065067"}
{"trade_id": "100012", "version": 6, "client_id": "ClientA", "symbol": "BABA", "side": "Sell", "price": 908.75, "quantity": 181, "maturity_date": "2026-08-21", "timestamp": "2025-12-13T07:21:21.065098"}
{"trade_id": "100157", "version": 2, "client_id": "ClientA", "symbol": "META", "side": "Sell", "price": 1094.39, "quantity": 596, "maturity_date": "2026-01-08", "timestamp": "2025-12-13T07:21:21.065123"}
{"trade_id": "100111", "version": 2, "client_id": "ClientD", "symbol": "V", "side": "Sell", "price": 1386.12, "quantity": 71, "maturity_date": "2026-08-31", "timestamp": "2025-12-13T07:21:21.065147"}
{"trade_id": "100057", "version": 2, "client_id": "ClientA", "symbol": "META", "side": "Sell", "price": 1016.69, "quantity": 303, "maturity_date": "2026-11-15", "timestamp": "2025-12-13T07:21:21.065173"}
{"trade_id": "100203", "version": 1, "client_id": "ClientB", "symbol": "NVDA", "side": "Buy", "price": 1247.42, "quantity": 493, "maturity_date": "2026-11-09", "timestamp": "2025-12-13T07:21:21.065198"}
{"trade_id": "100197", "version": 2, "client_id": "ClientC", "symbol": "BABA", "side": "Buy", "price": 87.3, "quantity": 399, "maturity_date": "2026-01-05", "timestamp": "2025-12-13T07:21:21.065220"}
{"trade_id": "100205", "version": 1, "client_id": "ClientC", "symbol": "V", "side": "Sell", "price": 705.15, "quantity": 718, "maturity_date": "2026-06-29", "timestamp": "2025-12-13T07:21:21.065246"}
{"trade_id": "100191", "version": 2, "client_id": "ClientA", "symbol": "MSFT", "side": "Buy", "price": 1244.16, "quantity": 357, "maturity_date": "2026-11-03", "timestamp": "2025-12-13T07:21:21.065313"}
{"trade_id": "100112", "version": 2, "client_id": "ClientC", "symbol": "BABA", "side": "Sell", "price": 827.29, "quantity": 636, "maturity_date": "2025-12-20", "timestamp": "2025-12-13T07:21:21.065347"}
{"trade_id": "100208", "version": 1, "client_id": "ClientC", "symbol": "BABA", "side": "Sell", "price": 1477.5, "quantity": 240, "maturity_date": "2026-06-10", "timestamp": "2025-12-13T07:21:21.065381"}
{"trade_id": "100209", "version": 1, "client_id": "ClientD", "symbol": "MSFT", "side": "Buy", "price": 1143.49, "quantity": 300, "maturity_date": "2026-09-13", "timestamp": "2025-12-13T07:21:21.065406"}
{"trade_id": "100210", "version": 1, "client_id": "ClientB", "symbol": "GOOGL", "side": "Buy", "price": 1475.39, "quantity": 738, "maturity_date": "2026-04-12", "timestamp": "2025-12-13T07:21:21.065428"}
{"trade_id": "100211", "version": 1, "client_id": "ClientD", "symbol": "NVDA", "side": "Buy", "price": 1374.43, "quantity": 643, "maturity_date": "2026-06-11", "timestamp": "2025-12-13T07:21:21.065449"}
{"trade_id": "100110", "version": 2, "client_id": "ClientB", "symbol": "V", "side": "Sell", "price": 694.1, "quantity": 943, "maturity_date": "2026-06-26", "timestamp": "2025-12-13T07:21:21.065473"}
{"trade_id": "100020", "version": 3, "client_id": "ClientD", "symbol": "AMZN", "side": "Buy", "price": 335.18, "quantity": 945, "maturity_date": "2026-02-22", "timestamp": "2025-12-13T07:21:21.065496"}
{"trade_id": "100214", "version": 1, "client_id": "ClientA", "symbol": "MSFT", "side": "Buy", "price": 128.93, "quantity": 12, "maturity_date": "2026-07-27", "timestamp": "2025-12-13T07:21:21.065516"}
{"trade_id": "100215", "version": 1, "client_id": "ClientC", "symbol": "TSLA", "side": "Buy", "price": 668.32, "quantity": 498, "maturity_date": "2026-10-26", "timestamp": "2025-12-13T07:21:21.065538"}
{"trade_id": "100216", "version": 1, "client_id": "ClientD", "symbol": "BABA", "side": "Sell", "price": 487.36, "quantity": 240, "maturity_date": "2026-11-21", "timestamp": "2025-12-13T07:21:21.065558"}
{"trade_id": "100119", "version": 2, "client_id": "ClientD", "symbol": "AMZN", "side": "Sell", "price": 1203.96, "quantity": 255, "maturity_date": "2026-03-19", "timestamp": "2025-12-13T07:21:21.065581"}
{"trade_id": "100141", "version": 3, "client_id": "ClientA", "symbol": "BABA", "side": "Buy", "price": 1209.88, "quantity": 676, "maturity_date": "2026-08-29", "timestamp": "2025-12-13T07:21:21.065604"}
{"trade_id": "100219", "version": 1, "client_id": "ClientD", "symbol": "GOOGL", "side": "Buy", "price": 82.94, "quantity": 139, "maturity_date": "2026-11-18", "timestamp": "2025-12-13T07:21:21.065624"}
{"trade_id": "100220", "version": 1, "client_id": "ClientB", "symbol": "BK", "side": "Buy", "price": 429.3, "quantity": 545, "maturity_date": "2026-08-05", "timestamp": "2025-12-13T07:21:21.065647"}
{"trade_id": "100221", "version": 1, "client_id": "ClientA", "symbol": "JPM", "side": "Buy", "price": 834.98, "quantity": 908, "maturity_date": "2026-06-16", "timestamp": "2025-12-13T07:21:21.065665"}
{"trade_id": "100145", "version": 3, "client_id": "ClientB", "symbol": "WMT", "side": "Sell", "price": 515.81, "quantity": 962, "maturity_date": "2026-06-12", "timestamp": "2025-12-13T07:21:21.065685"}
{"trade_id": "100223", "version": 1, "client_id": "ClientA", "symbol": "MSFT", "side": "Sell", "price": 606.06, "quantity": 205, "maturity_date": "2026-07-31", "timestamp": "2025-12-13T07:21:21.065704"}
{"trade_id": "100224", "version": 1, "client_id": "ClientB", "symbol": "JPM", "side": "Buy", "price": 105.74, "quantity": 916, "maturity_date": "2026-03-27", "timestamp": "2025-12-13T07:21:21.065723"}
{"trade_id": "100225", "version": 1, "client_id": "ClientC", "symbol": "TSLA", "side": "Sell", "price": 1263.97, "quantity": 932, "maturity_date": "2025-12-23", "timestamp": "2025-12-13T07:21:21.065742"}
{"trade_id": "100226", "version": 1, "client_id": "ClientB", "symbol": "WMT", "side": "Sell", "price": 760.82, "quantity": 984, "maturity_date": "2026-10-21", "timestamp": "2025-12-13T07:21:21.065768"}
{"trade_id": "100006", "version": 4, "client_id": "ClientC", "symbol": "NVDA", "side": "Buy", "price": 516.48, "quantity": 540, "maturity_date": "2026-10-08", "timestamp": "2025-12-13T07:21:21.065804"}
{"trade_id": "100228", "version": 1, "client_id": "ClientC", "symbol": "NVDA", "side": "Sell", "price": 131.74, "quantity": 535, "maturity_date": "2026-05-11", "timestamp": "2025-12-13T07:21:21.065827"}
{"trade_id": "100229", "version": 1, "client_id": "ClientA", "symbol": "WMT", "side": "Sell", "price": 978.64, "quantity": 92, "maturity_date": "2026-09-11", "timestamp": "2025-12-13T07:21:21.065845"}
{"trade_id": "100230", "version": 1, "client_id": "ClientA", "symbol": "BABA", "side": "Buy", "price": 95.98, "quantity": 949, "maturity_date": "2026-07-30", "timestamp": "2025-12-13T07:21:21.065864"}
{"trade_id": "100231", "version": 1, "client_id": "ClientD", "symbol": "AMZN", "side": "Sell", "price": 433.21, "quantity": 260, "maturity_date": "2026-06-15", "timestamp": "2025-12-13T07:21:21.065882"}
{"trade_id": "100194", "version": 2, "client_id": "ClientD", "symbol": "GOOGL", "side": "Sell", "price": 442.5, "quantity": 722, "maturity_date": "2026-03-20", "timestamp": "2025-12-13T07:21:21.065902"}
{"trade_id": "100233", "version": 1, "client_id": "ClientA", "symbol": "WMT", "side": "Buy", "price": 845.96, "quantity": 469, "maturity_date": "2026-05-03", "timestamp": "2025-12-13T07:21:21.065921"}
{"trade_id": "100137", "version": 2, "client_id": "ClientB", "symbol": "V", "side": "Buy", "price": 239.9, "quantity": 653, "maturity_date": "2026-02-12", "timestamp": "2025-12-13T07:21:21.065945"}
{"trade_id": "100235", "version": 1, "client_id": "ClientC", "symbol": "MSFT", "side": "Buy", "price": 1463.52, "quantity": 319, "maturity_date": "2026-08-30", "timestamp": "2025-12-13T07:21:21.065966"}
{"trade_id": "100008", "version": 4, "client_id": "ClientC", "symbol": "AMZN", "side": "Buy", "price": 622.37, "quantity": 118, "maturity_date": "2026-07-11", "timestamp": "2025-12-13T07:21:21.065986"}
{"trade_id": "100237", "version": 1, "client_id": "ClientC", "symbol": "AAPL", "side": "Buy", "price": 944.05, "quantity": 441, "maturity_date": "2026-10-03", "timestamp": "2025-12-13T07:21:21.066006"}
{"trade_id": "100143", "version": 2, "client_id": "ClientB", "symbol": "WMT", "side": "Buy", "price": 370.37, "quantity": 416, "maturity_date": "2026-07-04", "timestamp": "2025-12-13T07:21:21.066032"}
{"trade_id": "100239", "version": 1, "client_id": "ClientB", "symbol": "BABA", "side": "Buy", "price": 278.11, "quantity": 427, "maturity_date": "2026-08-17", "timestamp": "2025-12-13T07:21:21.066062"}
{"trade_id": "100063", "version": 2, "client_id": "ClientC", "symbol": "TSLA", "side": "Buy", "price": 942.47, "quantity": 165, "maturity_date": "2026-07-24", "timestamp": "2025-12-13T07:21:21.066098"}
{"trade_id": "100241", "version": 1, "client_id": "ClientB", "symbol": "MSFT", "side": "Sell", "price": 1496.75, "quantity": 827, "maturity_date": "2026-09-11", "timestamp": "2025-12-13T07:21:21.066134"}
{"trade_id": "100058", "version": 3, "client_id": "ClientD", "symbol": "WMT", "side": "Sell", "price": 1297.91, "quantity": 688, "maturity_date": "2026-09-11", "timestamp": "2025-12-13T07:21:21.066170"}
{"trade_id": "100129", "version": 2, "client_id": "ClientA", "symbol": "BK", "side": "Buy", "price": 1379.04, "quantity": 177, "maturity_date": "2026-06-29", "timestamp": "2025-12-13T07:21:21.066206"}
{"trade_id": "100244", "version": 1, "client_id": "ClientC", "symbol": "BK", "side": "Buy", "price": 869.68, "quantity": 537, "maturity_date": "2026-06-22", "timestamp": "2025-12-13T07:21:21.066238"}
{"trade_id": "100245", "version": 1, "client_id": "ClientD", "symbol": "BABA", "side": "Sell", "price": 806.89, "quantity": 288, "maturity_date": "2026-08-05", "timestamp": "2025-12-13T07:21:21.066270"}
{"trade_id": "100246", "version": 1, "client_id": "ClientB", "symbol": "TSLA", "side": "Buy", "price": 1488.78, "quantity": 500, "maturity_date": "2026-01-23", "timestamp": "2025-12-13T07:21:21.066310"}
{"trade_id": "100247", "version": 1, "client_id": "ClientB", "symbol": "GOOGL", "side": "Buy", "price": 1209.62, "quantity": 41, "maturity_date": "2026-01-19", "timestamp": "2025-12-13T07:21:21.066461"}
{"trade_id": "100139", "version": 2, "client_id": "ClientC", "symbol": "BK", "side": "Buy", "price": 878.31, "quantity": 268, "maturity_date": "2026-04-03", "timestamp": "2025-12-13T07:21:21.066531"}
{"trade_id": "100247", "version": 2, "client_id": "ClientA", "symbol": "BABA", "side": "Buy", "price": 212.89, "quantity": 285, "maturity_date": "2026-08-09", "timestamp": "2025-12-13T07:21:21.066564"}
{"trade_id": "100143", "version": 3, "client_id": "ClientC", "symbol": "NVDA", "side": "Buy", "price": 143.68, "quantity": 364, "maturity_date": "2026-10-09", "timestamp": "2025-12-13T07:21:21.066590"}
{"trade_id": "100251", "version": 1, "client_id": "ClientA", "symbol": "AMZN", "side": "Sell", "price": 228.21, "quantity": 512, "maturity_date": "2026-10-21", "timestamp": "2025-12-13T07:21:21.066613"}
{"trade_id": "100252", "version": 1, "client_id": "ClientA", "symbol": "WMT", "side": "Buy", "price": 1270.75, "quantity": 258, "maturity_date": "2026-07-10", "timestamp": "2025-12-13T07:21:21.066634"}
{"trade_id": "100253", "version": 1, "client_id": "ClientD", "symbol": "NVDA", "side": "Buy", "price": 1346.72, "quantity": 525, "maturity_date": "2026-07-03", "timestamp": "2025-12-13T07:21:21.066662"}
{"trade_id": "100254", "version": 1, "client_id": "ClientC", "symbol": "JPM", "side": "Sell", "price": 1337.17, "quantity": 330, "maturity_date": "2025-12-17", "timestamp": "2025-12-13T07:21:21.066682"}
{"trade_id": "100011", "version": 3, "client_id": "ClientB", "symbol": "TSLA", "side": "Sell", "price": 191.32, "quantity": 282, "maturity_date": "2026-01-03", "timestamp": "2025-12-13T07:21:21.066705"}
{"trade_id": "100256", "version": 1, "client_id": "ClientB", "symbol": "V", "side": "Sell", "price": 410.39, "quantity": 384, "maturity_date": "2026-06-09", "timestamp": "2025-12-13T07:21:21.066727"}
{"trade_id": "100029", "version": 4, "client_id": "ClientB", "symbol": "MSFT", "side": "Sell", "price": 744.39, "quantity": 338, "maturity_date": "2026-06-24", "timestamp": "2025-12-13T07:21:21.066750"}
{"trade_id": "100258", "version": 1, "client_id": "ClientB", "symbol": "MSFT", "side": "Buy", "price": 1279.06, "quantity": 160, "maturity_date": "2026-06-11", "timestamp": "2025-12-13T07:21:21.066773"}
{"trade_id": "100119", "version": 3, "client_id": "ClientD", "symbol": "V", "side": "Sell", "price": 704.02, "quantity": 245, "maturity_date": "2026-10-28", "timestamp": "2025-12-13T07:21:21.066796"}
{"trade_id": "100260", "version": 1, "client_id": "ClientB", "symbol": "JPM", "side": "Sell", "price": 213.73, "quantity": 191, "maturity_date": "2026-10-21", "timestamp": "2025-12-13T07:21:21.066816"}
{"trade_id": "100261", "version": 1, "client_id": "ClientD", "symbol": "AMZN", "side": "Buy", "price": 1281.1, "quantity": 141, "maturity_date": "2026-04-15", "timestamp": "2025-12-13T07:21:21.066836"}
{"trade_id": "100219", "version": 2, "client_id": "ClientA", "symbol": "JPM", "side": "Sell", "price": 763.46, "quantity": 135, "maturity_date": "2026-02-06", "timestamp": "2025-12-13T07:21:21.066872"}
{"trade_id": "100148", "version": 2, "client_id": "ClientA", "symbol": "META", "side": "Sell", "price": 1176.57, "quantity": 390, "maturity_date": "2026-06-05", "timestamp": "2025-12-13T07:21:21.066901"}
{"trade_id": "100264", "version": 1, "client_id": "ClientA", "symbol": "GOOGL", "side": "Buy", "price": 1382.98, "quantity": 451, "maturity_date": "2025-12-24", "timestamp": "2025-12-13T07:21:21.066930"}
{"trade_id": "100265", "version": 1, "client_id": "ClientA", "symbol": "WMT", "side": "Sell", "price": 1179.66, "quantity": 913, "maturity_date": "2026-08-10", "timestamp": "2025-12-13T07:21:21.066964"}
{"trade_id": "100266", "version": 1, "client_id": "ClientD", "symbol": "NVDA", "side": "Sell", "price": 438.54, "quantity": 460, "maturity_date": "2026-10-29", "timestamp": "2025-12-13T07:21:21.067034"}
{"trade_id": "100267", "version": 1, "client_id": "ClientC", "symbol": "JPM", "side": "Buy", "price": 1036.65, "quantity": 744, "maturity_date": "2026-04-23", "timestamp": "2025-12-13T07:21:21.067073"}
{"trade_id": "100260", "version": 2, "client_id": "ClientD", "symbol": "V", "side": "Buy", "price": 546.77, "quantity": 720, "maturity_date": "2026-08-17", "timestamp": "2025-12-13T07:21:21.067099"}
{"trade_id": "100269", "version": 1, "client_id": "ClientC", "symbol": "GOOGL", "side": "Buy", "price": 614.27, "quantity": 676, "maturity_date": "2026-02-02", "timestamp": "2025-12-13T07:21:21.067121"}
{"trade_id": "100270", "version": 1, "client_id": "ClientB", "symbol": "AAPL", "side": "Buy", "price": 79.11, "quantity": 423, "maturity_date": "2026-08-07", "timestamp": "2025-12-13T07:21:21.067143"}
{"trade_id": "100271", "version": 1, "client_id": "ClientD", "symbol": "BK", "side": "Buy", "price": 1459.45, "quantity": 31, "maturity_date": "2026-03-23", "timestamp": "2025-12-13T07:21:21.067161"}
{"trade_id": "100272", "version": 1, "client_id": "ClientA", "symbol": "AAPL", "side": "Buy", "price": 815.16, "quantity": 380, "maturity_date": "2026-10-13", "timestamp": "2025-12-13T07:21:21.067180"}
{"trade_id": "100273", "version": 1, "client_id": "ClientD", "symbol": "AMZN", "side": "Sell", "price": 664.09, "quantity": 344, "maturity_date": "2026-03-13", "timestamp": "2025-12-13T07:21:21.067197"}
{"trade_id": "100210", "version": 2, "client_id": "ClientC", "symbol": "BABA", "side": "Sell", "price": 131.35, "quantity": 100, "maturity_date": "2026-07-23", "timestamp": "2025-12-13T07:21:21.067218"}
{"trade_id": "100275", "version": 1, "client_id": "ClientC", "symbol": "BABA", "side": "Sell", "price": 696.89, "quantity": 172, "maturity_date": "2026-12-09", "timestamp": "2025-12-13T07:21:21.067236"}
{"trade_id": "100276", "version": 1, "client_id": "ClientC", "symbol": "NVDA", "side": "Buy", "price": 1025.57, "quantity": 229, "maturity_date": "2026-06-02", "timestamp": "2025-12-13T07:21:21.067254"}
{"trade_id": "100277", "version": 1, "client_id": "ClientB", "symbol": "MSFT", "side": "Sell", "price": 395.92, "quantity": 858, "maturity_date": "2026-04-30", "timestamp": "2025-12-13T07:21:21.067272"}
{"trade_id": "100278", "version": 1, "client_id": "ClientA", "symbol": "V", "side": "Buy", "price": 941.36, "quantity": 648, "maturity_date": "2026-06-23", "timestamp": "2025-12-13T07:21:21.067299"}
{"trade_id": "100047", "version": 3, "client_id": "ClientC", "symbol": "BABA", "side": "Sell", "price": 326.85, "quantity": 320, "maturity_date": "2026-02-03", "timestamp": "2025-12-13T07:21:21.067328"}
{"trade_id": "100280", "version": 1, "client_id": "ClientD", "symbol": "NVDA", "side": "Buy", "price": 1004.81, "quantity": 659, "maturity_date": "2025-12-19", "timestamp": "2025-12-13T07:21:21.067347"}
{"trade_id": "100070", "version": 3, "client_id": "ClientB", "symbol": "V", "side": "Sell", "price": 510.46, "quantity": 190, "maturity_date": "2026-09-05", "timestamp": "2025-12-13T07:21:21.067366"}
{"trade_id": "100282", "version": 1, "client_id": "ClientC", "symbol": "NVDA", "side": "Buy", "price": 520.69, "quantity": 261, "maturity_date": "2026-07-24", "timestamp": "2025-12-13T07:21:21.067384"}
{"trade_id": "100283", "version": 1, "client_id": "ClientD", "symbol": "WMT", "side": "Buy", "price": 498.12, "quantity": 906, "maturity_date": "2026-01-02", "timestamp": "2025-12-13T07:21:21.067402"}
{"trade_id": "100061", "version": 2, "client_id": "ClientA", "symbol": "GOOGL", "side": "Buy", "price": 1271.34, "quantity": 866, "maturity_date": "2026-03-13", "timestamp": "2025-12-13T07:21:21.067432"}
{"trade_id": "100285", "version": 1, "client_id": "ClientD", "symbol": "AAPL", "side": "Buy", "price": 814.0, "quantity": 784, "maturity_date": "2026-02-11", "timestamp": "2025-12-13T07:21:21.067471"}
{"trade_id": "100037", "version": 2, "client_id": "ClientB", "symbol": "META", "side": "Buy", "price": 1263.64, "quantity": 370, "maturity_date": "2026-06-26", "timestamp": "2025-12-13T07:21:21.067512"}
{"trade_id": "100287", "version": 1, "client_id": "ClientD", "symbol": "BABA", "side": "Buy", "price": 234.89, "quantity": 264, "maturity_date": "2026-11-30", "timestamp": "2025-12-13T07:21:21.067547"}
{"trade_id": "100288", "version": 1, "client_id": "ClientA", "symbol": "META", "side": "Sell", "price": 1022.0, "quantity": 132, "maturity_date": "2026-11-02", "timestamp": "2025-12-13T07:21:21.067608"}
{"trade_id": "100289", "version": 1, "client_id": "ClientB", "symbol": "NVDA", "side": "Buy", "price": 333.61, "quantity": 298, "maturity_date": "2026-02-14", "timestamp": "2025-12-13T07:21:21.067645"}
{"trade_id": "100110", "version": 3, "client_id": "ClientD", "symbol": "AMZN", "side": "Sell", "price": 1036.3, "quantity": 438, "maturity_date": "2026-10-18", "timestamp": "2025-12-13T07:21:21.067706"}
{"trade_id": "100291", "version": 1, "client_id": "ClientC", "symbol": "META", "side": "Sell", "price": 1416.41, "quantity": 489, "maturity_date": "2026-09-01", "timestamp": "2025-12-13T07:21:21.067743"}
{"trade_id": "100292", "version": 1, "client_id": "ClientD", "symbol": "BK", "side": "Buy", "price": 406.66, "quantity": 524, "maturity_date": "2026-02-24", "timestamp": "2025-12-13T07:21:21.067767"}
{"trade_id": "100005", "version": 2, "client_id": "ClientB", "symbol": "MSFT", "side": "Buy", "price": 550.09, "quantity": 246, "maturity_date": "2026-08-26", "timestamp": "2025-12-13T07:21:21.067882"}
{"trade_id": "100294", "version": 1, "client_id": "ClientB", "symbol": "AAPL", "side": "Buy", "price": 811.95, "quantity": 320, "maturity_date": "2026-08-22", "timestamp": "2025-12-13T07:21:21.067932"}
{"trade_id": "100295", "version": 1, "client_id": "ClientA", "symbol": "WMT", "side": "Buy", "price": 71.09, "quantity": 414, "maturity_date": "2026-11-13", "timestamp": "2025-12-13T07:21:21.067970"}
{"trade_id": "100296", "version": 1, "client_id": "ClientC", "symbol": "META", "side": "Sell", "price": 1403.77, "quantity": 944, "maturity_date": "2026-08-20", "timestamp": "2025-12-13T07:21:21.068005"}
{"trade_id": "100135", "version": 2, "client_id": "ClientC", "symbol": "NVDA", "side": "Sell", "price": 193.34, "quantity": 529, "maturity_date": "2026-03-02", "timestamp": "2025-12-13T07:21:21.068043"}
{"trade_id": "100298", "version": 1, "client_id": "ClientB", "symbol": "V", "side": "Buy", "price": 506.77, "quantity": 396, "maturity_date": "2026-02-17", "timestamp": "2025-12-13T07:21:21.068093"}
{"trade_id": "100299", "version": 1, "client_id": "ClientB", "symbol": "META", "side": "Buy", "price": 331.03, "quantity": 755, "maturity_date": "2026-01-14", "timestamp": "2025-12-13T07:21:21.068120"}
{"trade_id": "100300", "version": 1, "client_id": "ClientA", "symbol": "BABA", "side": "Buy", "price": 878.46, "quantity": 669, "maturity_date": "2026-07-17", "timestamp": "2025-12-13T07:21:21.068143"}
{"trade_id": "100301", "version": 1, "client_id": "ClientB", "symbol": "V", "side": "Sell", "price": 851.28, "quantity": 867, "maturity_date": "2026-03-25", "timestamp": "2025-12-13T07:21:21.068166"}
{"trade_id": "100302", "version": 1, "client_id": "ClientB", "symbol": "V", "side": "Buy", "price": 756.94, "quantity": 746, "maturity_date": "2026-07-04", "timestamp": "2025-12-13T07:21:21.068194"}
{"trade_id": "100303", "version": 1, "client_id": "ClientD", "symbol": "NVDA", "side": "Sell", "price": 595.25, "quantity": 806, "maturity_date": "2026-09-10", "timestamp": "2025-12-13T07:21:21.068230"}
{"trade_id": "100224", "version": 2, "client_id": "ClientD", "symbol": "TSLA", "side": "Buy", "price": 964.56, "quantity": 836, "maturity_date": "2026-02-06", "timestamp": "2025-12-13T07:21:21.068274"}
{"trade_id": "100305", "version": 1, "client_id": "ClientB", "symbol": "MSFT", "side": "Sell", "price": 1258.4, "quantity": 25, "maturity_date": "2026-01-22", "timestamp": "2025-12-13T07:21:21.068305"}
{"trade_id": "100306", "version": 1, "client_id": "ClientC", "symbol": "GOOGL", "side": "Buy", "price": 1072.19, "quantity": 117, "maturity_date": "2026-10-02", "timestamp": "2025-12-13T07:21:21.068329"}
{"trade_id": "100307", "version": 1, "client_id": "ClientC", "symbol": "BK", "side": "Buy", "price": 739.93, "quantity": 269, "maturity_date": "2026-09-23", "timestamp": "2025-12-13T07:21:21.068349"}
{"trade_id": "100014", "version": 4, "client_id": "ClientD", "symbol": "MSFT", "side": "Buy", "price": 1490.11, "quantity": 652, "maturity_date": "2026-06-27", "timestamp": "2025-12-13T07:21:21.068372"}
{"trade_id": "100309", "version": 1, "client_id": "ClientB", "symbol": "AAPL", "side": "Buy", "price": 540.58, "quantity": 810, "maturity_date": "2026-03-31", "timestamp": "2025-12-13T07:21:21.068393"}
{"trade_id": "100244", "version": 2, "client_id": "ClientC", "symbol": "AAPL", "side": "Sell", "price": 859.38, "quantity": 138, "maturity_date": "2026-02-10", "timestamp": "2025-12-13T07:21:21.068415"}
{"trade_id": "100311", "version": 1, "client_id": "ClientB", "symbol": "V", "side": "Buy", "price": 1187.18, "quantity": 952, "maturity_date": "2026-05-04", "timestamp": "2025-12-13T07:21:21.068435"}
{"trade_id": "100312", "version": 1, "client_id": "ClientC", "symbol": "JPM", "side": "Sell", "price": 267.96, "quantity": 593, "maturity_date": "2026-09-18", "timestamp": "2025-12-13T07:21:21.068455"}
{"trade_id": "100127", "version": 2, "client_id": "ClientC", "symbol": "NVDA", "side": "Sell", "price": 868.55, "quantity": 794, "maturity_date": "2026-03-20", "timestamp": "2025-12-13T07:21:21.068477"}
{"trade_id": "100314", "version": 1, "client_id": "ClientA", "symbol": "GOOGL", "side": "Buy", "price": 251.2, "quantity": 855, "maturity_date": "2026-06-21", "timestamp": "2025-12-13T07:21:21.068497"}
{"trade_id": "100315", "version": 1, "client_id": "ClientD", "symbol": "GOOGL", "side": "Buy", "price": 77.19, "quantity": 417, "maturity_date": "2026-01-14", "timestamp": "2025-12-13T07:21:21.068517"}
{"trade_id": "100316", "version": 1, "client_id": "ClientC", "symbol": "V", "side": "Sell", "price": 432.15, "quantity": 942, "maturity_date": "2026-10-17", "timestamp": "2025-12-13T07:21:21.068574"}
{"trade_id": "100180", "version": 2, "client_id": "ClientD", "symbol": "BK", "side": "Sell", "price": 1317.83, "quantity": 969, "maturity_date": "2026-04-07", "timestamp": "2025-12-13T07:21:21.068602"}
{"trade_id": "100318", "version": 1, "client_id": "ClientA", "symbol": "V", "side": "Buy", "price": 1452.54, "quantity": 723, "maturity_date": "2026-09-19", "timestamp": "2025-12-13T07:21:21.068622"}
{"trade_id": "100319", "version": 1, "client_id": "ClientB", "symbol": "NVDA", "side": "Sell", "price": 290.46, "quantity": 319, "maturity_date": "2026-01-22", "timestamp": "2025-12-13T07:21:21.068642"}
{"trade_id": "100320", "version": 1, "client_id": "ClientC", "symbol": "META", "side": "Buy", "price": 122.27, "quantity": 14, "maturity_date": "2025-12-21", "timestamp": "2025-12-13T07:21:21.068672"}
{"trade_id": "100321", "version": 1, "client_id": "ClientD", "symbol": "BABA", "side": "Buy", "price": 452.63, "quantity": 774, "maturity_date": "2026-08-31", "timestamp": "2025-12-13T07:21:21.068713"}
{"trade_id": "100322", "version": 1, "client_id": "ClientA", "symbol": "GOOGL", "side": "Buy", "price": 1100.95, "quantity": 975, "maturity_date": "2026-06-15", "timestamp": "2025-12-13T07:21:21.068756"}
{"trade_id": "100323", "version": 1, "client_id": "ClientD", "symbol": "V", "side": "Buy", "price": 476.08, "quantity": 262, "maturity_date": "2026-03-01", "timestamp": "2025-12-13T07:21:21.068843"}
{"trade_id": "100324", "version": 1, "client_id": "ClientA", "symbol": "JPM", "side": "Buy", "price": 234.29, "quantity": 321, "maturity_date": "2026-07-15", "timestamp": "2025-12-13T07:21:21.068924"}
{"trade_id": "100029", "version": 5, "client_id": "ClientC", "symbol": "META", "side": "Sell", "price": 534.73, "quantity": 482, "maturity_date": "2026-07-02", "timestamp": "2025-12-13T07:21:21.069217"}
{"trade_id": "100326", "version": 1, "client_id": "ClientB", "symbol": "JPM", "side": "Buy", "price": 1173.44, "quantity": 420, "maturity_date": "2026-01-22", "timestamp": "2025-12-13T07:21:21.069255"}
{"trade_id": "100327", "version": 1, "client_id": "ClientD", "symbol": "META", "side": "Sell", "price": 1346.37, "quantity": 676, "maturity_date": "2026-10-01", "timestamp": "2025-12-13T07:21:21.069291"}
{"trade_id": "100328", "version": 1, "client_id": "ClientA", "symbol": "BK", "side": "Buy", "price": 364.98, "quantity": 63, "maturity_date": "2026-04-07", "timestamp": "2025-12-13T07:21:21.069327"}
{"trade_id": "100329", "version": 1, "client_id": "ClientD", "symbol": "GOOGL", "side": "Sell", "price": 278.93, "quantity": 22, "maturity_date": "2026-12-05", "timestamp": "2025-12-13T07:21:21.069408"}
{"trade_id": "100330", "version": 1, "client_id": "ClientD", "symbol": "BABA", "side": "Buy", "price": 567.79, "quantity": 311, "maturity_date": "2026-07-07", "timestamp": "2025-12-13T07:21:21.069465"}
{"trade_id": "100331", "version": 1, "client_id": "ClientD", "symbol": "META", "side": "Buy", "price": 174.58, "quantity": 570, "maturity_date": "2026-02-18", "timestamp": "2025-12-13T07:21:21.069500"}
{"trade_id": "100332", "version": 1, "client_id": "ClientA", "symbol": "WMT", "side": "Sell", "price": 821.92, "quantity": 879, "maturity_date": "2026-09-14", "timestamp": "2025-12-13T07:21:21.069531"}
{"trade_id": "100270", "version": 2, "client_id": "ClientD", "symbol": "V", "side": "Sell", "price": 1000.72, "quantity": 919, "maturity_date": "2026-02-27", "timestamp": "2025-12-13T07:21:21.069573"}
{"trade_id": "100334", "version": 1, "client_id": "ClientD", "symbol": "V", "side": "Buy", "price": 780.68, "quantity": 325, "maturity_date": "2026-03-31", "timestamp": "2025-12-13T07:21:21.069617"}
{"trade_id": "100008", "version": 5, "client_id": "ClientB", "symbol": "BK", "side": "Sell", "price": 1459.3, "quantity": 43, "maturity_date": "2026-05-23", "timestamp": "2025-12-13T07:21:21.069658"}
{"trade_id": "100149", "version": 2, "client_id": "ClientB", "symbol": "BABA", "side": "Buy", "price": 993.62, "quantity": 370, "maturity_date": "2026-11-05", "timestamp": "2025-12-13T07:21:21.069700"}
{"trade_id": "100221", "version": 2, "client_id": "ClientD", "symbol": "MSFT", "side": "Sell", "price": 997.58, "quantity": 835, "maturity_date": "2026-04-04", "timestamp": "2025-12-13T07:21:21.069737"}
{"trade_id": "100287", "version": 2, "client_id": "ClientD", "symbol": "GOOGL", "side": "Buy", "price": 588.6, "quantity": 116, "maturity_date": "2026-05-27", "timestamp": "2025-12-13T07:21:21.069776"}
{"trade_id": "100339", "version": 1, "client_id": "ClientD", "symbol": "NVDA", "side": "Sell", "price": 819.78, "quantity": 927, "maturity_date": "2026-08-09", "timestamp": "2025-12-13T07:21:21.069813"}
{"trade_id": "100220", "version": 2, "client_id": "ClientD", "symbol": "META", "side": "Sell", "price": 760.29, "quantity": 359, "maturity_date": "2026-12-13", "timestamp": "2025-12-13T07:21:21.069854"}
{"trade_id": "100107", "version": 2, "client_id": "ClientC", "symbol": "TSLA", "side": "Buy", "price": 1189.17, "quantity": 504, "maturity_date": "2026-04-09", "timestamp": "2025-12-13T07:21:21.069972"}
{"trade_id": "100342", "version": 1, "client_id": "ClientC", "symbol": "MSFT", "side": "Buy", "price": 843.56, "quantity": 216, "maturity_date": "2026-04-22", "timestamp": "2025-12-13T07:21:21.070023"}
{"trade_id": "100343", "version": 1, "client_id": "ClientC", "symbol": "AMZN", "side": "Buy", "price": 54.97, "quantity": 403, "maturity_date": "2026-06-02", "timestamp": "2025-12-13T07:21:21.070066"}
{"trade_id": "100181", "version": 2, "client_id": "ClientA", "symbol": "V", "side": "Buy", "price": 1019.72, "quantity": 154, "maturity_date": "2026-06-20", "timestamp": "2025-12-13T07:21:21.070108"}
{"trade_id": "100345", "version": 1, "client_id": "ClientC", "symbol": "META", "side": "Buy", "price": 416.81, "quantity": 974, "maturity_date": "2026-08-05", "timestamp": "2025-12-13T07:21:21.070146"}
{"trade_id": "100163", "version": 2, "client_id": "ClientD", "symbol": "JPM", "side": "Buy", "price": 680.42, "quantity": 566, "maturity_date": "2026-02-20", "timestamp": "2025-12-13T07:21:21.070181"}
{"trade_id": "100347", "version": 1, "client_id": "ClientB", "symbol": "WMT", "side": "Sell", "price": 861.91, "quantity": 78, "maturity_date": "2026-04-18", "timestamp": "2025-12-13T07:21:21.070217"}
{"trade_id": "100348", "version": 1, "client_id": "ClientD", "symbol": "GOOGL", "side": "Sell", "price": 982.26, "quantity": 29, "maturity_date": "2026-11-02", "timestamp": "2025-12-13T07:21:21.070254"}
{"trade_id": "100101", "version": 3, "client_id": "ClientA", "symbol": "META", "side": "Buy", "price": 1353.3, "quantity": 237, "maturity_date": "2026-10-22", "timestamp": "2025-12-13T07:21:21.070317"}
{"trade_id": "100277", "version": 2, "client_id": "ClientA", "symbol": "TSLA", "side": "Sell", "price": 844.6, "quantity": 773, "maturity_date": "2026-02-11", "timestamp": "2025-12-13T07:21:21.070365"}
{"trade_id": "100351", "version": 1, "client_id": "ClientB", "symbol": "AAPL", "side": "Buy", "price": 754.97, "quantity": 439, "maturity_date": "2026-06-10", "timestamp": "2025-12-13T07:21:21.070404"}
{"trade_id": "100144", "version": 2, "client_id": "ClientB", "symbol": "MSFT", "side": "Buy", "price": 979.31, "quantity": 118, "maturity_date": "2026-02-09", "timestamp": "2025-12-13T07:21:21.070444"}
{"trade_id": "100225", "version": 2, "client_id": "ClientB", "symbol": "MSFT", "side": "Sell", "price": 786.4, "quantity": 955, "maturity_date": "2026-06-02", "timestamp": "2025-12-13T07:21:21.070483"}
{"trade_id": "100354", "version": 1, "client_id": "ClientD", "symbol": "GOOGL", "side": "Buy", "price": 1389.64, "quantity": 399, "maturity_date": "2026-10-12", "timestamp": "2025-12-13T07:21:21.070519"}
{"trade_id": "100355", "version": 1, "client_id": "ClientD", "symbol": "V", "side": "Buy", "price": 1211.66, "quantity": 316, "maturity_date": "2026-06-18", "timestamp": "2025-12-13T07:21:21.070615"}
{"trade_id": "100314", "version": 2, "client_id": "ClientB", "symbol": "NVDA", "side": "Buy", "price": 1210.33, "quantity": 999, "maturity_date": "2026-11-06", "timestamp": "2025-12-13T07:21:21.070686"}
{"trade_id": "100357", "version": 1, "client_id": "ClientB", "symbol": "BK", "side": "Buy", "price": 1067.45, "quantity": 987, "maturity_date": "2026-09-30", "timestamp": "2025-12-13T07:21:21.070724"}
{"trade_id": "100358", "version": 1, "client_id": "ClientC", "symbol": "MSFT", "side": "Buy", "price": 1257.39, "quantity": 40, "maturity_date": "2026-03-11", "timestamp": "2025-12-13T07:21:21.070757"}
{"trade_id": "100277", "version": 3, "client_id": "ClientC", "symbol": "AAPL", "side": "Buy", "price": 1283.22, "quantity": 156, "maturity_date": "2026-10-08", "timestamp": "2025-12-13T07:21:21.071077"}
{"trade_id": "100360", "version": 1, "client_id": "ClientB", "symbol": "JPM", "side": "Buy", "price": 531.8, "quantity": 126, "maturity_date": "2026-07-08", "timestamp": "2025-12-13T07:21:21.071127"}
{"trade_id": "100164", "version": 2, "client_id": "ClientD", "symbol": "GOOGL", "side": "Sell", "price": 1279.49, "quantity": 21, "maturity_date": "2026-09-17", "timestamp": "2025-12-13T07:21:21.071208"}
{"trade_id": "100362", "version": 1, "client_id": "ClientB", "symbol": "JPM", "side": "Buy", "price": 1070.28, "quantity": 319, "maturity_date": "2026-07-08", "timestamp": "2025-12-13T07:21:21.071302"}
{"trade_id": "100363", "version": 1, "client_id": "ClientC", "symbol": "BABA", "side": "Buy", "price": 544.71, "quantity": 584, "maturity_date": "2026-05-31", "timestamp": "2025-12-13T07:21:21.071353"}
{"trade_id": "100364", "version": 1, "client_id": "ClientB", "symbol": "AAPL", "side": "Sell", "price": 520.04, "quantity": 744, "maturity_date": "2026-11-22", "timestamp": "2025-12-13T07:21:21.071473"}
{"trade_id": "100365", "version": 1, "client_id": "ClientC", "symbol": "AAPL", "side": "Buy", "price": 1046.25, "quantity": 683, "maturity_date": "2026-02-02", "timestamp": "2025-12-13T07:21:21.071531"}
{"trade_id": "100251", "version": 2, "client_id": "ClientB", "symbol": "NVDA", "side": "Buy", "price": 556.43, "quantity": 15, "maturity_date": "2026-10-19", "timestamp": "2025-12-13T07:21:21.071581"}
{"trade_id": "100367", "version": 1, "client_id": "ClientB", "symbol": "META", "side": "Buy", "price": 691.46, "quantity": 712, "maturity_date": "2026-06-03", "timestamp": "2025-12-13T07:21:21.071626"}
{"trade_id": "100368", "version": 1, "client_id": "ClientD", "symbol": "GOOGL", "side": "Buy", "price": 1368.19, "quantity": 827, "maturity_date": "2026-08-10", "timestamp": "2025-12-13T07:21:21.071668"}
{"trade_id": "100369", "version": 1, "client_id": "ClientB", "symbol": "AMZN", "side": "Buy", "price": 1371.8, "quantity": 769, "maturity_date": "2026-03-01", "timestamp": "2025-12-13T07:21:21.071708"}
{"trade_id": "100370", "version": 1, "client_id": "ClientC", "symbol": "META", "side": "Buy", "price": 1071.95, "quantity": 593, "maturity_date": "2026-10-04", "timestamp": "2025-12-13T07:21:21.071820"}
{"trade_id": "100371", "version": 1, "client_id": "ClientD", "symbol": "BABA", "side": "Buy", "price": 1437.28, "quantity": 387, "maturity_date": "2026-07-29", "timestamp": "2025-12-13T07:21:21.071874"}
{"trade_id": "100372", "version": 1, "client_id": "ClientB", "symbol": "AAPL", "side": "Buy", "price": 1483.1, "quantity": 549, "maturity_date": "2026-02-03", "timestamp": "2025-12-13T07:21:21.071921"}
{"trade_id": "100373", "version": 1, "client_id": "ClientC", "symbol": "JPM", "side": "Sell", "price": 952.8, "quantity": 938, "maturity_date": "2026-07-09", "timestamp": "2025-12-13T07:21:21.072016"}
{"trade_id": "100374", "version": 1, "client_id": "ClientD", "symbol": "V", "side": "Sell", "price": 956.7, "quantity": 986, "maturity_date": "2026-01-08", "timestamp": "2025-12-13T07:21:21.072069"}
{"trade_id": "100375", "version": 1, "client_id": "ClientD", "symbol": "BK", "side": "Sell", "price": 589.7, "quantity": 412, "maturity_date": "2026-11-03", "timestamp": "2025-12-13T07:21:21.072114"}
{"trade_id": "100376", "version": 1, "client_id": "ClientD", "symbol": "JPM", "side": "Sell", "price": 475.94, "quantity": 894, "maturity_date": "2026-05-18", "timestamp": "2025-12-13T07:21:21.072169"}
{"trade_id": "100377", "version": 1, "client_id": "ClientD", "symbol": "V", "side": "Buy", "price": 1280.74, "quantity": 744, "maturity_date": "2026-10-07", "timestamp": "2025-12-13T07:21:21.072217"}
{"trade_id": "100378", "version": 1, "client_id": "ClientD", "symbol": "NVDA", "side": "Sell", "price": 1282.02, "quantity": 322, "maturity_date": "2026-09-08", "timestamp": "2025-12-13T07:21:21.072259"}
{"trade_id": "100379", "version": 1, "client_id": "ClientD", "symbol": "JPM", "side": "Sell", "price": 73.69, "quantity": 850, "maturity_date": "2026-03-11", "timestamp": "2025-12-13T07:21:21.072306"}
{"trade_id": "100380", "version": 1, "client_id": "ClientD", "symbol": "MSFT", "side": "Sell", "price": 1459.35, "quantity": 682, "maturity_date": "2026-04-01", "timestamp": "2025-12-13T07:21:21.072394"}
{"trade_id": "100039", "version": 3, "client_id": "ClientB", "symbol": "NVDA", "side": "Buy", "price": 886.4, "quantity": 487, "maturity_date": "2026-02-25", "timestamp": "2025-12-13T07:21:21.072467"}
{"trade_id": "100253", "version": 2, "client_id": "ClientD", "symbol": "BK", "side": "Sell", "price": 1422.28, "quantity": 260, "maturity_date": "2026-07-02", "timestamp": "2025-12-13T07:21:21.072512"}
{"trade_id": "100383", "version": 1, "client_id": "ClientB", "symbol": "BABA", "side": "Buy", "price": 1410.49, "quantity": 700, "maturity_date": "2026-02-27", "timestamp": "2025-12-13T07:21:21.072650"}
{"trade_id": "100276", "version": 2, "client_id": "ClientA", "symbol": "BK", "side": "Sell", "price": 776.4, "quantity": 757, "maturity_date": "2026-11-05", "timestamp": "2025-12-13T07:21:21.072768"}
{"trade_id": "100385", "version": 1, "client_id": "ClientB", "symbol": "WMT", "side": "Buy", "price": 1094.67, "quantity": 56, "maturity_date": "2026-05-27", "timestamp": "2025-12-13T07:21:21.072865"}
{"trade_id": "100386", "version": 1, "client_id": "ClientD", "symbol": "MSFT", "side": "Sell", "price": 722.28, "quantity": 460, "maturity_date": "2026-03-30", "timestamp": "2025-12-13T07:21:21.072936"}
{"trade_id": "100387", "version": 1, "client_id": "ClientA", "symbol": "BK", "side": "Buy", "price": 706.71, "quantity": 426, "maturity_date": "2026-08-17", "timestamp": "2025-12-13T07:21:21.072976"}
{"trade_id": "100388", "version": 1, "client_id": "ClientB", "symbol": "NVDA", "side": "Buy", "price": 1204.58, "quantity": 100, "maturity_date": "2026-08-28", "timestamp": "2025-12-13T07:21:21.073011"}
{"trade_id": "100389", "version": 1, "client_id": "ClientD", "symbol": "TSLA", "side": "Sell", "price": 1180.15, "quantity": 255, "maturity_date": "2026-02-24", "timestamp": "2025-12-13T07:21:21.073075"}
{"trade_id": "100390", "version": 1, "client_id": "ClientC", "symbol": "BABA", "side": "Buy", "price": 1135.05, "quantity": 840, "maturity_date": "2026-01-23", "timestamp": "2025-12-13T07:21:21.073120"}
{"trade_id": "100007", "version": 3, "client_id": "ClientC", "symbol": "BABA", "side": "Buy", "price": 259.04, "quantity": 231, "maturity_date": "2026-07-09", "timestamp": "2025-12-13T07:21:21.073165"}
{"trade_id": "100392", "version": 1, "client_id": "ClientA", "symbol": "MSFT", "side": "Sell", "price": 1181.65, "quantity": 607, "maturity_date": "2026-07-30", "timestamp": "2025-12-13T07:21:21.073203"}
{"trade_id": "100393", "version": 1, "client_id": "ClientC", "symbol": "TSLA", "side": "Sell", "price": 486.73, "quantity": 732, "maturity_date": "2026-06-28", "timestamp": "2025-12-13T07:21:21.073240"}
{"trade_id": "100394", "version": 1, "client_id": "ClientA", "symbol": "META", "side": "Buy", "price": 833.28, "quantity": 507, "maturity_date": "2026-08-03", "timestamp": "2025-12-13T07:21:21.073496"}
{"trade_id": "100395", "version": 1, "client_id": "ClientA", "symbol": "JPM", "side": "Buy", "price": 214.82, "quantity": 215, "maturity_date": "2026-09-14", "timestamp": "2025-12-13T07:21:21.073574"}
{"trade_id": "100396", "version": 1, "client_id": "ClientA", "symbol": "BK", "side": "Buy", "price": 646.19, "quantity": 480, "maturity_date": "2026-05-05", "timestamp": "2025-12-13T07:21:21.073635"}
{"trade_id": "100397", "version": 1, "client_id": "ClientC", "symbol": "BABA", "side": "Buy", "price": 569.71, "quantity": 407, "maturity_date": "2026-12-08", "timestamp": "2025-12-13T07:21:21.073691"}
{"trade_id": "100214", "version": 2, "client_id": "ClientB", "symbol": "AMZN", "side": "Sell", "price": 920.96, "quantity": 724, "maturity_date": "2025-12-25", "timestamp": "2025-12-13T07:21:21.073745"}
{"trade_id": "100315", "version": 2, "client_id": "ClientB", "symbol": "AAPL", "side": "Buy", "price": 1269.84, "quantity": 779, "maturity_date": "2026-09-28", "timestamp": "2025-12-13T07:21:21.073796"}
{"trade_id": "100400", "version": 1, "client_id": "ClientA", "symbol": "GOOGL", "side": "Sell", "price": 749.81, "quantity": 273, "maturity_date": "2026-01-28", "timestamp": "2025-12-13T07:21:21.073843"}
{"trade_id": "100401", "version": 1, "client_id": "ClientB", "symbol": "V", "side": "Buy", "price": 932.61, "quantity": 284, "maturity_date": "2026-02-25", "timestamp": "2025-12-13T07:21:21.073881"}
{"trade_id": "100402", "version": 1, "client_id": "ClientC", "symbol": "META", "side": "Buy", "price": 835.87, "quantity": 330, "maturity_date": "2026-07-03", "timestamp": "2025-12-13T07:21:21.073920"}
{"trade_id": "100403", "version": 1, "client_id": "ClientC", "symbol": "META", "side": "Sell", "price": 536.69, "quantity": 461, "maturity_date": "2026-01-11", "timestamp": "2025-12-13T07:21:21.073962"}
{"trade_id": "100404", "version": 1, "client_id": "ClientA", "symbol": "BABA", "side": "Sell", "price": 583.11, "quantity": 243, "maturity_date": "2026-01-21", "timestamp": "2025-12-13T07:21:21.074001"}
{"trade_id": "100364", "version": 2, "client_id": "ClientC", "symbol": "NVDA", "side": "Buy", "price": 398.38, "quantity": 772, "maturity_date": "2026-07-01", "timestamp": "2025-12-13T07:21:21.074046"}
{"trade_id": "100406", "version": 1, "client_id": "ClientA", "symbol": "V", "side": "Sell", "price": 946.04, "quantity": 106, "maturity_date": "2026-01-17", "timestamp": "2025-12-13T07:21:21.074087"}
{"trade_id": "100407", "version": 1, "client_id": "ClientA", "symbol": "AAPL", "side": "Sell", "price": 1470.25, "quantity": 61, "maturity_date": "2026-02-22", "timestamp": "2025-12-13T07:21:21.074127"}
{"trade_id": "100408", "version": 1, "client_id": "ClientB", "symbol": "NVDA", "side": "Sell", "price": 1103.63, "quantity": 937, "maturity_date": "2026-10-13", "timestamp": "2025-12-13T07:21:21.074171"}
{"trade_id": "100409", "version": 1, "client_id": "ClientD", "symbol": "AAPL", "side": "Buy", "price": 546.4, "quantity": 801, "maturity_date": "2026-07-09", "timestamp": "2025-12-13T07:21:21.074213"}
{"trade_id": "100155", "version": 2, "client_id": "ClientC", "symbol": "BABA", "side": "Sell", "price": 713.0, "quantity": 135, "maturity_date": "2025-12-31", "timestamp": "2025-12-13T07:21:21.074260"}
{"trade_id": "100396", "version": 2, "client_id": "ClientD", "symbol": "BABA", "side": "Sell", "price": 1296.17, "quantity": 172, "maturity_date": "2026-08-20", "timestamp": "2025-12-13T07:21:21.074625"}
{"trade_id": "100412", "version": 1, "client_id": "ClientA", "symbol": "BK", "side": "Buy", "price": 605.82, "quantity": 150, "maturity_date": "2026-10-25", "timestamp": "2025-12-13T07:21:21.074839"}
{"trade_id": "100321", "version": 2, "client_id": "ClientD", "symbol": "AAPL", "side": "Sell", "price": 142.11, "quantity": 993, "maturity_date": "2026-09-04", "timestamp": "2025-12-13T07:21:21.074891"}
{"trade_id": "100414", "version": 1, "client_id": "ClientA", "symbol": "JPM", "side": "Buy", "price": 1436.14, "quantity": 822, "maturity_date": "2026-05-12", "timestamp": "2025-12-13T07:21:21.074922"}
{"trade_id": "100079", "version": 2, "client_id": "ClientD", "symbol": "AAPL", "side": "Sell", "price": 1038.71, "quantity": 349, "maturity_date": "2026-11-15", "timestamp": "2025-12-13T07:21:21.074954"}
{"trade_id": "100145", "version": 4, "client_id": "ClientB", "symbol": "TSLA", "side": "Buy", "price": 1246.96, "quantity": 514, "maturity_date": "2026-02-10", "timestamp": "2025-12-13T07:21:21.074984"}
{"trade_id": "100417", "version": 1, "client_id": "ClientC", "symbol": "TSLA", "side": "Sell", "price": 398.22, "quantity": 989, "maturity_date": "2026-08-25", "timestamp": "2025-12-13T07:21:21.075009"}
{"trade_id": "100418", "version": 1, "client_id": "ClientB", "symbol": "GOOGL", "side": "Sell", "price": 882.03, "quantity": 19, "maturity_date": "2026-03-12", "timestamp": "2025-12-13T07:21:21.075033"}
{"trade_id": "100194", "version": 3, "client_id": "ClientB", "symbol": "NVDA", "side": "Buy", "price": 1098.17, "quantity": 559, "maturity_date": "2026-09-28", "timestamp": "2025-12-13T07:21:21.075061"}
{"trade_id": "100420", "version": 1, "client_id": "ClientC", "symbol": "JPM", "side": "Sell", "price": 382.6, "quantity": 943, "maturity_date": "2026-01-10", "timestamp": "2025-12-13T07:21:21.075084"}
{"trade_id": "100421", "version": 1, "client_id": "ClientC", "symbol": "BK", "side": "Buy", "price": 64.23, "quantity": 435, "maturity_date": "2026-08-15", "timestamp": "2025-12-13T07:21:21.075164"}
{"trade_id": "100422", "version": 1, "client_id": "ClientB", "symbol": "BABA", "side": "Sell", "price": 1012.17, "quantity": 911, "maturity_date": "2026-09-13", "timestamp": "2025-12-13T07:21:21.075219"}
{"trade_id": "100056", "version": 3, "client_id": "ClientB", "symbol": "WMT", "side": "Sell", "price": 1030.57, "quantity": 171, "maturity_date": "2026-07-06", "timestamp": "2025-12-13T07:21:21.075316"}
{"trade_id": "100424", "version": 1, "client_id": "ClientB", "symbol": "MSFT", "side": "Sell", "price": 933.23, "quantity": 601, "maturity_date": "2026-01-07", "timestamp": "2025-12-13T07:21:21.075363"}
{"trade_id": "100425", "version": 1, "client_id": "ClientB", "symbol": "JPM", "side": "Buy", "price": 1426.04, "quantity": 991, "maturity_date": "2026-02-03", "timestamp": "2025-12-13T07:21:21.075406"}
{"trade_id": "100426", "version": 1, "client_id": "ClientC", "symbol": "JPM", "side": "Sell", "price": 732.87, "quantity": 352, "maturity_date": "2026-03-05", "timestamp": "2025-12-13T07:21:21.075449"}
{"trade_id": "100427", "version": 1, "client_id": "ClientB", "symbol": "MSFT", "side": "Sell", "price": 656.09, "quantity": 972, "maturity_date": "2026-07-12", "timestamp": "2025-12-13T07:21:21.075492"}
{"trade_id": "100428", "version": 1, "client_id": "ClientB", "symbol": "NVDA", "side": "Sell", "price": 571.81, "quantity": 336, "maturity_date": "2026-08-01", "timestamp": "2025-12-13T07:21:21.075577"}
{"trade_id": "100150", "version": 3, "client_id": "ClientA", "symbol": "META", "side": "Sell", "price": 222.84, "quantity": 405, "maturity_date": "2026-06-26", "timestamp": "2025-12-13T07:21:21.075627"}
{"trade_id": "100430", "version": 1, "client_id": "ClientB", "symbol": "AMZN", "side": "Buy", "price": 936.04, "quantity": 184, "maturity_date": "2025-12-26", "timestamp": "2025-12-13T07:21:21.075667"}
{"trade_id": "100431", "version": 1, "client_id": "ClientC", "symbol": "AAPL", "side": "Buy", "price": 769.72, "quantity": 653, "maturity_date": "2026-06-08", "timestamp": "2025-12-13T07:21:21.075711"}
{"trade_id": "100432", "version": 1, "client_id": "ClientA", "symbol": "AAPL", "side": "Sell", "price": 597.3, "quantity": 686, "maturity_date": "2026-01-29", "timestamp": "2025-12-13T07:21:21.076089"}
{"trade_id": "100433", "version": 1, "client_id": "ClientA", "symbol": "GOOGL", "side": "Buy", "price": 369.65, "quantity": 747, "maturity_date": "2026-03-06", "timestamp": "2025-12-13T07:21:21.076421"}
{"trade_id": "100434", "version": 1, "client_id": "ClientA", "symbol": "V", "side": "Sell", "price": 1452.91, "quantity": 581, "maturity_date": "2026-02-15", "timestamp": "2025-12-13T07:21:21.076480"}
{"trade_id": "100435", "version": 1, "client_id": "ClientD", "symbol": "META", "side": "Buy", "price": 637.69, "quantity": 224, "maturity_date": "2025-12-29", "timestamp": "2025-12-13T07:21:21.076540"}
{"trade_id": "100436", "version": 1, "client_id": "ClientC", "symbol": "AAPL", "side": "Buy", "price": 832.51, "quantity": 893, "maturity_date": "2026-09-19", "timestamp": "2025-12-13T07:21:21.076594"}
{"trade_id": "100437", "version": 1, "client_id": "ClientA", "symbol": "META", "side": "Sell", "price": 700.0, "quantity": 363, "maturity_date": "2026-05-20", "timestamp": "2025-12-13T07:21:21.076652"}
{"trade_id": "100438", "version": 1, "client_id": "ClientB", "symbol": "META", "side": "Sell", "price": 1193.77, "quantity": 636, "maturity_date": "2025-12-23", "timestamp": "2025-12-13T07:21:21.076711"}
{"trade_id": "100439", "version": 1, "client_id": "ClientB", "symbol": "V", "side": "Sell", "price": 687.61, "quantity": 999, "maturity_date": "2026-03-15", "timestamp": "2025-12-13T07:21:21.077194"}
{"trade_id": "100440", "version": 1, "client_id": "ClientD", "symbol": "TSLA", "side": "Buy", "price": 1161.17, "quantity": 820, "maturity_date": "2026-10-21", "timestamp": "2025-12-13T07:21:21.077329"}
{"trade_id": "100253", "version": 3, "client_id": "ClientB", "symbol": "GOOGL", "side": "Buy", "price": 658.49, "quantity": 620, "maturity_date": "2026-04-06", "timestamp": "2025-12-13T07:21:21.077398"}
{"trade_id": "100244", "version": 3, "client_id": "ClientD", "symbol": "MSFT", "side": "Buy", "price": 344.88, "quantity": 49, "maturity_date": "2026-01-22", "timestamp": "2025-12-13T07:21:21.077465"}
{"trade_id": "100443", "version": 1, "client_id": "ClientC", "symbol": "META", "side": "Buy", "price": 481.24, "quantity": 690, "maturity_date": "2026-11-01", "timestamp": "2025-12-13T07:21:21.077514"}
{"trade_id": "100183", "version": 2, "client_id": "ClientB", "symbol": "MSFT", "side": "Buy", "price": 531.64, "quantity": 389, "maturity_date": "2026-08-18", "timestamp": "2025-12-13T07:21:21.077560"}
{"trade_id": "100445", "version": 1, "client_id": "ClientD", "symbol": "BABA", "side": "Buy", "price": 202.19, "quantity": 46, "maturity_date": "2026-06-10", "timestamp": "2025-12-13T07:21:21.077604"}
{"trade_id": "100446", "version": 1, "client_id": "ClientA", "symbol": "BK", "side": "Sell", "price": 1282.06, "quantity": 563, "maturity_date": "2026-07-13", "timestamp": "2025-12-13T07:21:21.077648"}
{"trade_id": "100447", "version": 1, "client_id": "ClientA", "symbol": "NVDA", "side": "Sell", "price": 1256.79, "quantity": 313, "maturity_date": "2026-04-02", "timestamp": "2025-12-13T07:21:21.078461"}
{"trade_id": "100448", "version": 1, "client_id": "ClientC", "symbol": "AMZN", "side": "Sell", "price": 1182.89, "quantity": 738, "maturity_date": "2026-02-17", "timestamp": "2025-12-13T07:21:21.078651"}
{"trade_id": "100394", "version": 2, "client_id": "ClientA", "symbol": "BABA", "side": "Sell", "price": 416.14, "quantity": 111, "maturity_date": "2026-12-11", "timestamp": "2025-12-13T07:21:21.078730"}
{"trade_id": "100450", "version": 1, "client_id": "ClientB", "symbol": "BK", "side": "Sell", "price": 941.94, "quantity": 614, "maturity_date": "2026-11-02", "timestamp": "2025-12-13T07:21:21.078778"}
{"trade_id": "100376", "version": 2, "client_id": "ClientA", "symbol": "JPM", "side": "Buy", "price": 1116.02, "quantity": 418, "maturity_date": "2026-01-21", "timestamp": "2025-12-13T07:21:21.078877"}
{"trade_id": "100452", "version": 1, "client_id": "ClientA", "symbol": "NVDA", "side": "Sell", "price": 227.2, "quantity": 397, "maturity_date": "2026-12-07", "timestamp": "2025-12-13T07:21:21.079303"}
{"trade_id": "100453", "version": 1, "client_id": "ClientC", "symbol": "JPM", "side": "Buy", "price": 563.08, "quantity": 363, "maturity_date": "2026-10-11", "timestamp": "2025-12-13T07:21:21.079596"}
{"trade_id": "100320", "version": 2, "client_id": "ClientB", "symbol": "GOOGL", "side": "Sell", "price": 108.36, "quantity": 444, "maturity_date": "2026-02-27", "timestamp": "2025-12-13T07:21:21.079686"}
{"trade_id": "100385", "version": 2, "client_id": "ClientA", "symbol": "BK", "side": "Sell", "price": 849.71, "quantity": 587, "maturity_date": "2026-11-13", "timestamp": "2025-12-13T07:21:21.079750"}
{"trade_id": "100456", "version": 1, "client_id": "ClientD", "symbol": "GOOGL", "side": "Buy", "price": 379.15, "quantity": 89, "maturity_date": "2026-06-15", "timestamp": "2025-12-13T07:21:21.079802"}
{"trade_id": "100457", "version": 1, "client_id": "ClientD", "symbol": "TSLA", "side": "Sell", "price": 326.83, "quantity": 289, "maturity_date": "2026-05-20", "timestamp": "2025-12-13T07:21:21.079854"}
{"trade_id": "100458", "version": 1, "client_id": "ClientC", "symbol": "GOOGL", "side": "Sell", "price": 901.19, "quantity": 48, "maturity_date": "2026-03-28", "timestamp": "2025-12-13T07:21:21.079906"}
{"trade_id": "100134", "version": 2, "client_id": "ClientD", "symbol": "GOOGL", "side": "Buy", "price": 192.04, "quantity": 893, "maturity_date": "2026-05-07", "timestamp": "2025-12-13T07:21:21.079966"}
{"trade_id": "100460", "version": 1, "client_id": "ClientD", "symbol": "AMZN", "side": "Sell", "price": 1363.13, "quantity": 897, "maturity_date": "2026-01-27", "timestamp": "2025-12-13T07:21:21.080024"}
{"trade_id": "100461", "version": 1, "client_id": "ClientD", "symbol": "BABA", "side": "Buy", "price": 790.53, "quantity": 659, "maturity_date": "2026-02-21", "timestamp": "2025-12-13T07:21:21.080078"}
{"trade_id": "100462", "version": 1, "client_id": "ClientA", "symbol": "GOOGL", "side": "Buy", "price": 1239.75, "quantity": 100, "maturity_date": "2026-04-29", "timestamp": "2025-12-13T07:21:21.080132"}
{"trade_id": "100402", "version": 2, "client_id": "ClientC", "symbol": "BK", "side": "Buy", "price": 747.1, "quantity": 847, "maturity_date": "2026-08-26", "timestamp": "2025-12-13T07:21:21.080189"}
{"trade_id": "100267", "version": 2, "client_id": "ClientD", "symbol": "TSLA", "side": "Buy", "price": 1446.6, "quantity": 809, "maturity_date": "2026-04-12", "timestamp": "2025-12-13T07:21:21.080242"}
{"trade_id": "100465", "version": 1, "client_id": "ClientC", "symbol": "AMZN", "side": "Sell", "price": 1441.87, "quantity": 404, "maturity_date": "2025-12-23", "timestamp": "2025-12-13T07:21:21.080306"}
{"trade_id": "100466", "version": 1, "client_id": "ClientA", "symbol": "WMT", "side": "Buy", "price": 72.24, "quantity": 964, "maturity_date": "2026-02-08", "timestamp": "2025-12-13T07:21:21.080355"}
{"trade_id": "100467", "version": 1, "client_id": "ClientB", "symbol": "AMZN", "side": "Buy", "price": 806.06, "quantity": 844, "maturity_date": "2026-09-30", "timestamp": "2025-12-13T07:21:21.080408"}
{"trade_id": "100468", "version": 1, "client_id": "ClientD", "symbol": "TSLA", "side": "Sell", "price": 1138.07, "quantity": 113, "maturity_date": "2026-05-03", "timestamp": "2025-12-13T07:21:21.080455"}
{"trade_id": "100469", "version": 1, "client_id": "ClientD", "symbol": "TSLA", "side": "Sell", "price": 612.87, "quantity": 264, "maturity_date": "2026-09-28", "timestamp": "2025-12-13T07:21:21.080510"}
{"trade_id": "100277", "version": 4, "client_id": "ClientC", "symbol": "V", "side": "Sell", "price": 216.21, "quantity": 904, "maturity_date": "2026-04-30", "timestamp": "2025-12-13T07:21:21.080565"}
{"trade_id": "100244", "version": 4, "client_id": "ClientB", "symbol": "BK", "side": "Buy", "price": 649.35, "quantity": 757, "maturity_date": "2026-04-03", "timestamp": "2025-12-13T07:21:21.080615"}
{"trade_id": "100273", "version": 2, "client_id": "ClientB", "symbol": "JPM", "side": "Buy", "price": 1171.02, "quantity": 43, "maturity_date": "2025-12-16", "timestamp": "2025-12-13T07:21:21.080668"}
{"trade_id": "100473", "version": 1, "client_id": "ClientC", "symbol": "MSFT", "side": "Buy", "price": 1240.89, "quantity": 328, "maturity_date": "2026-09-04", "timestamp": "2025-12-13T07:21:21.080731"}
{"trade_id": "100474", "version": 1, "client_id": "ClientA", "symbol": "AMZN", "side": "Buy", "price": 1356.93, "quantity": 893, "maturity_date": "2026-04-20", "timestamp": "2025-12-13T07:21:21.080779"}
{"trade_id": "100475", "version": 1, "client_id": "ClientB", "symbol": "BK", "side": "Buy", "price": 1307.03, "quantity": 198, "maturity_date": "2026-04-30", "timestamp": "2025-12-13T07:21:21.080830"}
{"trade_id": "100476", "version": 1, "client_id": "ClientB", "symbol": "BK", "side": "Sell", "price": 297.77, "quantity": 799, "maturity_date": "2026-09-13", "timestamp": "2025-12-13T07:21:21.080875"}
{"trade_id": "100477", "version": 1, "client_id": "ClientB", "symbol": "TSLA", "side": "Buy", "price": 199.75, "quantity": 372, "maturity_date": "2026-11-07", "timestamp": "2025-12-13T07:21:21.080919"}
{"trade_id": "100478", "version": 1, "client_id": "ClientA", "symbol": "NVDA", "side": "Sell", "price": 396.05, "quantity": 543, "maturity_date": "2026-07-20", "timestamp": "2025-12-13T07:21:21.080964"}
{"trade_id": "100479", "version": 1, "client_id": "ClientC", "symbol": "AMZN", "side": "Buy", "price": 980.69, "quantity": 171, "maturity_date": "2026-11-05", "timestamp": "2025-12-13T07:21:21.081009"}
{"trade_id": "100480", "version": 1, "client_id": "ClientB", "symbol": "META", "side": "Sell", "price": 302.53, "quantity": 380, "maturity_date": "2026-12-04", "timestamp": "2025-12-13T07:21:21.081053"}
{"trade_id": "100481", "version": 1, "client_id": "ClientA", "symbol": "V", "side": "Buy", "price": 396.43, "quantity": 907, "maturity_date": "2026-06-19", "timestamp": "2025-12-13T07:21:21.081097"}
{"trade_id": "100482", "version": 1, "client_id": "ClientD", "symbol": "AAPL", "side": "Sell", "price": 808.67, "quantity": 150, "maturity_date": "2026-04-12", "timestamp": "2025-12-13T07:21:21.081199"}
{"trade_id": "100483", "version": 1, "client_id": "ClientB", "symbol": "V", "side": "Buy", "price": 304.17, "quantity": 96, "maturity_date": "2026-02-28", "timestamp": "2025-12-13T07:21:21.081244"}
{"trade_id": "100484", "version": 1, "client_id": "ClientA", "symbol": "META", "side": "Buy", "price": 1060.18, "quantity": 984, "maturity_date": "2026-10-06", "timestamp": "2025-12-13T07:21:21.081286"}
{"trade_id": "100485", "version": 1, "client_id": "ClientC", "symbol": "GOOGL", "side": "Sell", "price": 212.46, "quantity": 838, "maturity_date": "2026-01-25", "timestamp": "2025-12-13T07:21:21.081329"}
{"trade_id": "100486", "version": 1, "client_id": "ClientC", "symbol": "V", "side": "Sell", "price": 1121.57, "quantity": 709, "maturity_date": "2026-04-06", "timestamp": "2025-12-13T07:21:21.081370"}
{"trade_id": "100181", "version": 3, "client_id": "ClientC", "symbol": "WMT", "side": "Buy", "price": 229.93, "quantity": 413, "maturity_date": "2026-09-27", "timestamp": "2025-12-13T07:21:21.081414"}
{"trade_id": "100488", "version": 1, "client_id": "ClientB", "symbol": "AAPL", "side": "Sell", "price": 764.37, "quantity": 446, "maturity_date": "2026-04-24", "timestamp": "2025-12-13T07:21:21.081454"}
{"trade_id": "100489", "version": 1, "client_id": "ClientD", "symbol": "BK", "side": "Sell", "price": 1334.78, "quantity": 509, "maturity_date": "2026-01-27", "timestamp": "2025-12-13T07:21:21.081495"}
{"trade_id": "100101", "version": 4, "client_id": "ClientD", "symbol": "V", "side": "Sell", "price": 105.23, "quantity": 334, "maturity_date": "2026-01-07", "timestamp": "2025-12-13T07:21:21.081539"}
{"trade_id": "100491", "version": 1, "client_id": "ClientB", "symbol": "JPM", "side": "Buy", "price": 426.27, "quantity": 263, "maturity_date": "2026-02-25", "timestamp": "2025-12-13T07:21:21.081580"}
{"trade_id": "100492", "version": 1, "client_id": "ClientA", "symbol": "TSLA", "side": "Buy", "price": 482.86, "quantity": 400, "maturity_date": "2026-05-01", "timestamp": "2025-12-13T07:21:21.081621"}
{"trade_id": "100239", "version": 2, "client_id": "ClientB", "symbol": "MSFT", "side": "Buy", "price": 434.22, "quantity": 680, "maturity_date": "2026-10-27", "timestamp": "2025-12-13T07:21:21.081816"}
{"trade_id": "100494", "version": 1, "client_id": "ClientA", "symbol": "GOOGL", "side": "Buy", "price": 556.47, "quantity": 388, "maturity_date": "2026-08-01", "timestamp": "2025-12-13T07:21:21.081874"}
